Timestamp,BidPrice0,BidPrice1,BidPrice2,BidPrice3,BidPrice4,AskPrice0,AskPrice1,AskPrice2,AskPrice3,AskPrice4
1684188900545537221,0,0,0,0,0,0,0,0,0,0
1684197030610958436,0,0,0,0,0,119,119.5,120,0,0
1684197818974949391,0,0,0,0,0,119,119.5,120,125.9,0
1684197823994694522,0,0,0,0,0,119,119.5,120,125.9,128.9
1684197994534438041,0,0,0,0,0,119,119.5,120,125,125.9
1684198004571838801,0,0,0,0,0,119,119.5,120,125,125.9
1684198627197880779,0,0,0,0,0,119,119.5,120,121,125
1684198657316311176,0,0,0,0,0,119,119.5,120,121,125
1684198800171798583,0,0,0,0,0,119,119.5,120,121,125
1684199204011326412,116,0,0,0,0,119,119.5,120,121,125
1684199257517355535,116,0,0,0,0,119,119.5,120,121,125
1684199425912763446,116,0,0,0,0,119,119.5,120,121,125
1684199566859455260,116,115,0,0,0,119,119.5,120,121,125
1684199573500222447,116,115,114,0,0,119,119.5,120,121,125
1684199691451693205,116,115,114,0,0,119,119.5,120,121,125
1684199691461881541,116,115.3,115,114,0,119,119.5,120,121,125
1684199691494659666,116,115.3,115,114.3,114,119,119.5,120,121,125
1684199846031030565,116,115.3,115,114.3,114,119,119.5,120,121,125
1684200071014781881,116,115.3,115,114.3,114,119,119.5,120,121,125
1684200074170824739,116,115.9,115.3,115,114.3,119,119.5,120,121,125
1684200075975063870,116,115.3,115,114.3,114,119,119.5,120,121,125
1684200079398415738,116,115.9,115.3,115,114.3,119,119.5,120,121,125
1684200092839692203,116,115.3,115,114.3,114,119,119.5,120,121,125
1684200102521712982,116,115.3,115,114.3,114,119,119.5,120,121,125
1684200179863782153,116,115.3,115,114.3,114,119,119.5,120,121,125
1684200321128893255,116,115.3,115,114.3,114,119,119.5,120,121,125
1684200593003362811,117,116,115.3,115,114.3,119,119.5,120,121,125
1684200593025954875,117,116,115.3,115,114.3,119,119.5,120,121,125
1684200597811133026,117,116.05,116,115.3,115,119,119.5,120,121,125
1684200597841756187,117,116,115.3,115,114.3,119,119.5,120,121,125
1684200602889137693,117,116,115.9,115.3,115,119,119.5,120,121,125
1684200608674810124,117,116,115.3,115,114.3,119,119.5,120,121,125
1684200612623519990,117,116.05,116,115.3,115,119,119.5,120,121,125
1684200643001972953,117,116,115.3,115,114.3,119,119.5,120,121,125
1684200650958587173,117,116.15,116,115.3,115,119,119.5,120,121,125
1684200788339700009,117,116,115.3,115,114.3,119,119.5,120,121,125
1684200792256702931,117,116.3,116,115.3,115,119,119.5,120,121,125
1684200857378921696,117,116,115.3,115,114.3,119,119.5,120,121,125
1684200873539962250,117,116.15,116,115.3,115,119,119.5,120,121,125
1684201080169132957,117,116,115.3,115,114.3,119,119.5,120,121,125
1684201090210733227,117,116.05,116,115.3,115,119,119.5,120,121,125
1684201246559685234,117,116.5,116.05,116,115.3,119,119.5,120,121,125
1684201333864345277,117,116.5,116,115.3,115,119,119.5,120,121,125
1684201346960113523,117,116.5,116,115.9,115.3,119,119.5,120,121,125
1684201465190401364,117,116.5,116,115.3,115,119,119.5,120,121,125
1684201479827739443,117,116.5,116.05,116,115.3,119,119.5,120,121,125
1684201482597670281,117.05,117,116.5,116.05,116,119,119.5,120,121,125
1684201486792132035,117.05,117,116.5,116,115.3,119,119.5,120,121,125
1684201490781661285,117.05,117,116.5,116,115.9,119,119.5,120,121,125
1684201548397985898,117.05,117,116.5,116,115.3,119,119.5,120,121,125
1684201558693385378,117.05,117,116.5,116.05,116,119,119.5,120,121,125
1684201558724103991,117.05,117,116.5,116,115.3,119,119.5,120,121,125
1684201562671823681,117.05,117,116.5,116,115.9,119,119.5,120,121,125
1684201577447328957,117.05,117,116.5,116,115.3,119,119.5,120,121,125
1684201581879180483,117.05,117,116.5,116.15,116,119,119.5,120,121,125
1684201587763199337,117.05,117,116.5,116,115.3,119,119.5,120,121,125
1684201593196632438,117.05,117,116.5,116.3,116,119,119.5,120,121,125
1684201626886796751,117.05,117,116.5,116,115.3,119,119.5,120,121,125
1684201632555776049,117.05,117,116.5,116,115.3,118.95,119,119.5,120,121
1684201632586613866,117.05,117,116.5,116.05,116,118.95,119,119.5,120,121
1684201650685004230,117.05,117,116.5,116,115.3,118.95,119,119.5,120,121
1684201654135999319,117.05,117,116.5,116.3,116,118.95,119,119.5,120,121
1684201654146195442,117.05,117,116.5,116,115.3,118.95,119,119.5,120,121
1684201662168276144,117.05,117,116.5,116.15,116,118.95,119,119.5,120,121
1684201666264485078,117.05,117,116.5,116,115.3,118.95,119,119.5,120,121
1684201670763880325,117.05,117,116.5,116.3,116,118.95,119,119.5,120,121
1684201686773648884,117.1,117.05,117,116.5,116.3,118.95,119,119.5,120,121
1684201686845083592,117.1,117,116.5,116.3,116,118.95,119,119.5,120,121
1684201686865563211,117.15,117.1,117,116.5,116.3,118.95,119,119.5,120,121
1684201735290397559,117.15,117.1,117,116.5,116,118.95,119,119.5,120,121
1684201748038345285,117.15,117.1,117,116.5,116.4,118.95,119,119.5,120,121
1684201793792511132,117.15,117.1,117,116.5,116,118.95,119,119.5,120,121
1684201804253770804,117.15,117.1,117,116.5,116.4,118.95,119,119.5,120,121
1684201828130771954,118.2,117.15,117.1,117,116.5,118.95,119,119.5,120,121
1684201828181969106,118.2,117.1,117,116.5,116.4,118.95,119,119.5,120,121
1684201828192201397,118.2,117.95,117.1,117,116.5,118.95,119,119.5,120,121
1684202019605719886,117.95,117.1,117,116.5,116.3,118.95,119,119.5,120,121
1684202019615943220,118.15,117.95,117.1,117,116.5,118.95,119,119.5,120,121
1684202019615943220,118.15,117.1,117,116.5,116.3,118.95,119,119.5,120,121
1684202019615958348,118.15,117.85,117.1,117,116.5,118.95,119,119.5,120,121
1684202298733354067,118.15,117.1,117,116.5,116.3,118.95,119,119.5,120,121
1684202298784490285,118.15,117.75,117.1,117,116.5,118.95,119,119.5,120,121
1684202298794808397,118.15,117.1,117,116.5,116.3,118.95,119,119.5,120,121
1684202298825578237,118.15,117.15,117.1,117,116.5,118.95,119,119.5,120,121
1684202298835723455,118.15,117.1,117,116.5,116.3,118.95,119,119.5,120,121
1684202298876607464,118.15,117.85,117.1,117,116.5,118.95,119,119.5,120,121
1684202602808055307,118.15,117.85,117.1,117,116.5,118.9,118.95,119,119.5,120
1684202634084685791,118.15,117.1,117,116.5,116,118.9,118.95,119,119.5,120
1684202634115352958,118.15,117.75,117.1,117,116.5,118.9,118.95,119,119.5,120
1684202712252012884,117.75,117.1,117,116.5,116.05,118.9,118.95,119,119.5,120
1684202712252038342,118.1,117.75,117.1,117,116.5,118.9,118.95,119,119.5,120
1684202712262132163,118.1,117.1,117,116.5,116.05,118.9,118.95,119,119.5,120
1684202712303199477,118.1,117.7,117.1,117,116.5,118.9,118.95,119,119.5,120
1684202911648475584,118.1,117.1,117,116.5,116.05,118.9,118.95,119,119.5,120
1684202911658812151,117.1,117,116.5,116.05,116,118.9,118.95,119,119.5,120
1684202911658812151,117.75,117.1,117,116.5,116.05,118.9,118.95,119,119.5,120
1684202911658861895,118.15,117.75,117.1,117,116.5,118.9,118.95,119,119.5,120
1684202940992839425,117.75,117.1,117,116.5,116.05,118.9,118.95,119,119.5,120
1684202940992839425,117.1,117,116.5,116.05,116,118.9,118.95,119,119.5,120
1684202940992839425,118.1,117.1,117,116.5,116.05,118.9,118.95,119,119.5,120
1684202941023482708,118.1,117.7,117.1,117,116.5,118.9,118.95,119,119.5,120
1684203092322127213,118.1,117.1,117,116.5,116,118.9,118.95,119,119.5,120
1684203092332298871,118.1,117.6,117.1,117,116.5,118.9,118.95,119,119.5,120
1684203128435092015,117.6,117.1,117,116.5,116,118.9,118.95,119,119.5,120
1684203128435092015,117.1,117,116.5,116,115.3,118.9,118.95,119,119.5,120
1684203128435116792,118.05,117.1,117,116.5,116,118.9,118.95,119,119.5,120
1684203128445359443,118.05,117.5,117.1,117,116.5,118.9,118.95,119,119.5,120
1684203169261517078,117.5,117.1,117,116.5,116,118.9,118.95,119,119.5,120
1684203169271776811,117.1,117,116.5,116,115.3,118.9,118.95,119,119.5,120
1684203169284146997,117.6,117.1,117,116.5,116,118.9,118.95,119,119.5,120
1684203169292381778,118.1,117.6,117.1,117,116.5,118.9,118.95,119,119.5,120
1684203169292381778,118.1,117.1,117,116.5,116,118.9,118.95,119,119.5,120
1684203169304629624,118.1,117.15,117.1,117,116.5,118.9,118.95,119,119.5,120
1684203169304629624,117.15,117.1,117,116.5,116,118.9,118.95,119,119.5,120
1684203169314853530,118.05,117.15,117.1,117,116.5,118.9,118.95,119,119.5,120
1684203169343567582,118.05,117.1,117,116.5,116,118.9,118.95,119,119.5,120
1684203169374253116,118.05,117.2,117.1,117,116.5,118.9,118.95,119,119.5,120
1684203169374253116,118.05,117.1,117,116.5,116,118.9,118.95,119,119.5,120
1684203169386504659,118.05,117.15,117.1,117,116.5,118.9,118.95,119,119.5,120
1684203169415120376,118.05,117.1,117,116.5,116,118.9,118.95,119,119.5,120
1684203169435616168,118.05,117.5,117.1,117,116.5,118.9,118.95,119,119.5,120
1684203185455452556,118.05,117.1,117,116.5,116,118.9,118.95,119,119.5,120
1684203185465697191,118.05,117.45,117.1,117,116.5,118.9,118.95,119,119.5,120
1684203195528750710,118.05,117.1,117,116.5,116,118.9,118.95,119,119.5,120
1684203195547098719,118.05,117.5,117.1,117,116.5,118.9,118.95,119,119.5,120
1684203254091235093,118.05,117.1,117,116.5,116,118.9,118.95,119,119.5,120
1684203254091235093,118.05,117.45,117.1,117,116.5,118.9,118.95,119,119.5,120
1684203323504172237,118.05,117.1,117,116.5,116,118.9,118.95,119,119.5,120
1684203323514411702,118.05,117.5,117.1,117,116.5,118.9,118.95,119,119.5,120
1684203394445035488,118.05,117.1,117,116.5,116,118.9,118.95,119,119.5,120
1684203394455288860,118.05,117.45,117.1,117,116.5,118.9,118.95,119,119.5,120
1684203414026363104,118.05,117.1,117,116.5,116,118.9,118.95,119,119.5,120
1684203414026363104,117.1,117,116.5,116,115.3,118.9,118.95,119,119.5,120
1684203414036527558,118,117.1,117,116.5,116,118.9,118.95,119,119.5,120
1684203414057176437,118,117.35,117.1,117,116.5,118.9,118.95,119,119.5,120
1684203414067261402,118,117.1,117,116.5,116,118.9,118.95,119,119.5,120
1684203414097988735,118,117.15,117.1,117,116.5,118.9,118.95,119,119.5,120
1684203414108259028,117.15,117.1,117,116.5,116,118.9,118.95,119,119.5,120
1684203414108259028,117.95,117.15,117.1,117,116.5,118.9,118.95,119,119.5,120
1684203414159372456,117.95,117.1,117,116.5,116,118.9,118.95,119,119.5,120
1684203414169657106,117.95,117.2,117.1,117,116.5,118.9,118.95,119,119.5,120
1684203424971086247,117.2,117.1,117,116.5,116,118.9,118.95,119,119.5,120
1684203424971086247,118,117.2,117.1,117,116.5,118.9,118.95,119,119.5,120
1684203424991451313,118,117.1,117,116.5,116,118.9,118.95,119,119.5,120
1684203425001706989,118,117.25,117.1,117,116.5,118.9,118.95,119,119.5,120
1684203428249941844,118,117.1,117,116.5,116,118.9,118.95,119,119.5,120
1684203428270407750,117.1,117,116.5,116,115.3,118.9,118.95,119,119.5,120
1684203428270423029,117.95,117.1,117,116.5,116,118.9,118.95,119,119.5,120
1684203428292946037,117.95,117.2,117.1,117,116.5,118.9,118.95,119,119.5,120
1684203499883979019,117.95,117.2,117.1,117,116.5,118.9,119,119.5,120,121
1684203500484029444,117.95,117.2,117.1,117,116.5,118.85,118.9,119,119.5,120
1684203511534299148,117.95,117.1,117,116.5,116,118.85,118.9,119,119.5,120
1684203511544427574,117.95,117.1,117,116.5,116,118.85,118.9,119,119.5,120
1684203512322720509,117.95,117.1,117,116.5,116,118.85,118.9,119,119.5,120
1684203512332958942,117.95,117.2,117.1,117,116.5,118.85,118.9,119,119.5,120
1684203512363662379,117.95,117.1,117,116.5,116,118.85,118.9,119,119.5,120
1684203512373892176,117.95,117.15,117.1,117,116.5,118.85,118.9,119,119.5,120
1684203512435377889,117.95,117.1,117,116.5,116,118.85,118.9,119,119.5,120
1684203512445554596,117.95,117.2,117.1,117,116.5,118.85,118.9,119,119.5,120
1684203512898180635,117.95,117.1,117,116.5,116,118.85,118.9,119,119.5,120
1684203512908424839,117.95,117.1,117,116.5,116,118.85,118.9,119,119.5,120
1684203524032439442,117.95,117.1,117,116.5,116,118.85,118.9,119,119.5,120
1684203524032439442,117.1,117,116.5,116,115.3,118.85,118.9,119,119.5,120
1684203524042664240,117.9,117.1,117,116.5,116,118.85,118.9,119,119.5,120
1684203524065258061,117.9,117.1,117,116.5,116,118.85,118.9,119,119.5,120
1684203531544651673,117.1,117,116.5,116,115.3,118.85,118.9,119,119.5,120
1684203531544651673,117.95,117.1,117,116.5,116,118.85,118.9,119,119.5,120
1684203531585575560,117.95,117.1,117,116.5,116,118.85,118.9,119,119.5,120
1684203531585591330,117.95,117.1,117,116.5,116,118.85,118.9,119,119.5,120
1684203550031201162,117.95,117.1,117,116.5,116,118.85,118.9,119,119.5,120
1684203550031201162,117.95,117.1,117,116.5,116,118.85,118.9,119,119.5,120
1684203550031255213,117.1,117,116.5,116,115.3,118.85,118.9,119,119.5,120
1684203550041369483,117.9,117.1,117,116.5,116,118.85,118.9,119,119.5,120
1684203597056114615,117.9,117.1,117,116.5,116,118.85,118.9,119,119.5,120
1684203597074137634,117.9,117.1,117,116.5,116,118.85,118.9,119,119.5,120
1684203597091995263,117.1,117,116.5,116,115.3,118.85,118.9,119,119.5,120
1684203597112415814,117.95,117.1,117,116.5,116,118.85,118.9,119,119.5,120
1684203642436499035,117.95,117.1,117,116.5,116,118.85,118.9,119,119.5,120
1684203642436499035,117.95,117.2,117.1,117,116.5,118.85,118.9,119,119.5,120
1684203704213373229,117.95,117.2,117.1,116.5,116,118.85,118.9,119,119.5,120
1684203727161583810,117.95,117.1,116.5,116,115.3,118.85,118.9,119,119.5,120
1684203727161583810,117.1,116.5,116,115.3,115,118.85,118.9,119,119.5,120
1684203727161618886,118,117.1,116.5,116,115.3,118.85,118.9,119,119.5,120
1684203727161618886,118,117.25,117.1,116.5,116,118.85,118.9,119,119.5,120
1684203727171826371,118,117.1,116.5,116,115.3,118.85,118.9,119,119.5,120
1684203727171841569,117.1,116.5,116,115.3,115,118.85,118.9,119,119.5,120
1684203727182065395,117.95,117.1,116.5,116,115.3,118.85,118.9,119,119.5,120
1684203727182065395,117.95,117.2,117.1,116.5,116,118.85,118.9,119,119.5,120
1684203727274231472,117.95,117.1,116.5,116,115,118.85,118.9,119,119.5,120
1684203727274231472,117.95,117.1,116.5,116,115,118.85,118.9,119,119.5,120
1684203732822403239,117.95,117.1,116.5,116,115.3,118.85,118.9,119,119.5,120
1684203738778087181,117.95,117.1,116.5,116,115,118.85,118.9,119,119.5,120
1684203745196485403,117.95,117.1,116.5,116,115.2,118.85,118.9,119,119.5,120
1684203752546898040,117.95,117.1,116.5,116,115,118.85,118.9,119,119.5,120
1684203756411554040,117.95,117.1,116.5,116,115.3,118.85,118.9,119,119.5,120
1684203775465526782,117.95,117.1,116.5,116,115.3,118.85,118.9,119,119.5,120
1684203775475664005,117.95,117.2,117.1,116.5,116,118.85,118.9,119,119.5,120
1684203800325562426,117.2,117.1,116.5,116,115.3,118.85,118.9,119,119.5,120
1684203800345963310,118,117.2,117.1,116.5,116,118.85,118.9,119,119.5,120
1684203800366443953,118,117.1,116.5,116,115.3,118.85,118.9,119,119.5,120
1684203800397157960,118,117.15,117.1,116.5,116,118.85,118.9,119,119.5,120
1684203800438168850,118,117.1,116.5,116,115.3,118.85,118.9,119,119.5,120
1684203800448362780,118,117.2,117.1,116.5,116,118.85,118.9,119,119.5,120
1684203800468929184,118,117.1,116.5,116,115.3,118.85,118.9,119,119.5,120
1684203800479129917,118,117.15,117.1,116.5,116,118.85,118.9,119,119.5,120
1684203800509839295,118,117.1,116.5,116,115.3,118.85,118.9,119,119.5,120
1684203800520034116,118,117.25,117.1,116.5,116,118.85,118.9,119,119.5,120
1684203808388607998,117.25,117.1,116.5,116,115.3,118.85,118.9,119,119.5,120
1684203808398845931,117.1,116.5,116,115.3,115,118.85,118.9,119,119.5,120
1684203808419398649,117.1,116.5,116,115,114.3,118.85,118.9,119,119.5,120
1684203808419398649,117.95,117.1,116.5,116,115,118.85,118.9,119,119.5,120
1684203808429695081,117.95,117.2,117.1,116.5,116,118.85,118.9,119,119.5,120
1684203808460346160,117.95,117.1,116.5,116,115,118.85,118.9,119,119.5,120
1684203808460346160,117.95,117.1,116.5,116,115,118.85,118.9,119,119.5,120
1684203813305920485,117.95,117.1,116.5,116,115.05,118.85,118.9,119,119.5,120
1684203821714143797,117.95,117.1,116.5,116,115,118.85,118.9,119,119.5,120
1684203828880261111,117.95,117.1,116.5,116,115.2,118.85,118.9,119,119.5,120
1684203887656874519,117.95,117.1,116.5,116,115.2,118.85,118.9,119,119.5,120
1684203887667086974,117.95,117.15,117.1,116.5,116,118.85,118.9,119,119.5,120
1684203887697832299,117.95,117.1,116.5,116,115.2,118.85,118.9,119,119.5,120
1684203887728534875,117.95,117.2,117.1,116.5,116,118.85,118.9,119,119.5,120
1684203895011751700,117.95,117.1,116.5,116,115.2,118.85,118.9,119,119.5,120
1684203895011854373,117.95,117.1,116.5,116,115.2,118.85,118.9,119,119.5,120
1684203944927117815,117.95,117.1,116.5,116,115.2,118.85,118.9,119,119.5,120
1684203944967971510,117.95,117.2,117.1,116.5,116,118.85,118.9,119,119.5,120
1684203945074532053,117.95,117.1,116.5,116,115.2,118.85,118.9,119,119.5,120
1684203945095012476,117.95,117.1,116.5,116,115.2,118.85,118.9,119,119.5,120
1684203953751992042,117.95,117.1,116.5,116,115,118.85,118.9,119,119.5,120
1684203961848855131,117.95,117.1,116.5,116,115.05,118.85,118.9,119,119.5,120
1684203973395762617,117.95,117.1,116.5,116,115,118.85,118.9,119,119.5,120
1684203978696081279,117.95,117.1,116.5,116,115.2,118.85,118.9,119,119.5,120
1684203990166023929,117.95,117.1,116.5,116,115.2,118.85,118.9,119,119.5,120
1684203990176262262,117.95,117.15,117.1,116.5,116,118.85,118.9,119,119.5,120
1684203990186560007,117.95,117.1,116.5,116,115.2,118.85,118.9,119,119.5,120
1684203990207075956,117.95,117.2,117.1,116.5,116,118.85,118.9,119,119.5,120
1684204098004229810,117.95,117.1,116.5,116,115.3,118.85,118.9,119,119.5,120
1684204098014566507,117.1,116.5,116,115.3,115,118.85,118.9,119,119.5,120
1684204098014566507,117.25,117.1,116.5,116,115.3,118.85,118.9,119,119.5,120
1684204098045255554,117.1,116.5,116,115.3,115,118.85,118.9,119,119.5,120
1684204098045255554,118,117.1,116.5,116,115.3,118.85,118.9,119,119.5,120
1684204098056112037,118,117.15,117.1,116.5,116,118.85,118.9,119,119.5,120
1684204098065757045,117.15,117.1,116.5,116,115.3,118.85,118.9,119,119.5,120
1684204098075901220,117.95,117.15,117.1,116.5,116,118.85,118.9,119,119.5,120
1684204098086236234,117.95,117.1,116.5,116,115.3,118.85,118.9,119,119.5,120
1684204098096498762,117.95,117.2,117.1,116.5,116,118.85,118.9,119,119.5,120
1684204107124148750,117.95,117.1,116.5,116,115,118.85,118.9,119,119.5,120
1684204107124148750,117.95,117.1,116.5,116,115,118.85,118.9,119,119.5,120
1684204112049654135,117.95,117.1,116.5,116,115.2,118.85,118.9,119,119.5,120
1684204135255978350,117.95,117.1,116.5,116,115,118.85,118.9,119,119.5,120
1684204137396099049,117.95,117.1,116.5,116,115,118.85,118.9,119,119.5,120
1684204137406340897,117.95,117.2,117.1,116.5,116,118.85,118.9,119,119.5,120
1684204137426832680,117.95,117.1,116.5,116,115,118.85,118.9,119,119.5,120
1684204137437054842,117.95,117.15,117.1,116.5,116,118.85,118.9,119,119.5,120
1684204137478138675,117.95,117.1,116.5,116,115,118.85,118.9,119,119.5,120
1684204137478166137,117.95,117.2,117.1,116.5,116,118.85,118.9,119,119.5,120
1684204208247866771,117.95,117.1,116.5,116,115.3,118.85,118.9,119,119.5,120
1684204208258080426,117.95,117.25,117.1,116.5,116,118.85,118.9,119,119.5,120
1684204208268449744,117.25,117.1,116.5,116,115.3,118.85,118.9,119,119.5,120
1684204208278581406,118,117.25,117.1,116.5,116,118.85,118.9,119,119.5,120
1684204212939987415,117.25,117.1,116.5,116,115.3,118.85,118.9,119,119.5,120
1684204212950129276,117.95,117.25,117.1,116.5,116,118.85,118.9,119,119.5,120
1684204212970661795,117.95,117.1,116.5,116,115.3,118.85,118.9,119,119.5,120
1684204212980944250,117.95,117.15,117.1,116.5,116,118.85,118.9,119,119.5,120
1684204213011589165,117.95,117.1,116.5,116,115.3,118.85,118.9,119,119.5,120
1684204213042385624,117.95,117.2,117.1,116.5,116,118.85,118.9,119,119.5,120
1684204302828289465,117.2,117.1,116.5,116,115.3,118.85,118.9,119,119.5,120
1684204302828289465,117.1,116.5,116,115.3,115,118.85,118.9,119,119.5,120
1684204302858970909,117.25,117.1,116.5,116,115.3,118.85,118.9,119,119.5,120
1684204302858985686,118,117.25,117.1,116.5,116,118.85,118.9,119,119.5,120
1684204302869387816,117.25,117.1,116.5,116,115.3,118.85,118.9,119,119.5,120
1684204302879389955,117.95,117.25,117.1,116.5,116,118.85,118.9,119,119.5,120
1684204302920337513,117.95,117.1,116.5,116,115.3,118.85,118.9,119,119.5,120
1684204302951048562,117.95,117.15,117.1,116.5,116,118.85,118.9,119,119.5,120
1684204302961333521,117.95,117.1,116.5,116,115.3,118.85,118.9,119,119.5,120
1684204302971530115,117.95,117.2,117.1,116.5,116,118.85,118.9,119,119.5,120
1684204304261775308,117.95,117.1,116.5,116,115,118.85,118.9,119,119.5,120
1684204304272119910,117.95,117.1,116.5,116,115,118.85,118.9,119,119.5,120
1684204309072614723,117.95,117.1,116.5,116,115.2,118.85,118.9,119,119.5,120
1684204320529313976,117.95,117.1,116.5,116,115.2,118.85,118.9,119,119.5,120
1684204320570266302,117.95,117.15,117.1,116.5,116,118.85,118.9,119,119.5,120
1684204320580557874,117.95,117.1,116.5,116,115.2,118.85,118.9,119,119.5,120
1684204320580557874,117.95,117.2,117.1,116.5,116,118.85,118.9,119,119.5,120
1684204320590966667,117.95,117.1,116.5,116,115.2,118.85,118.9,119,119.5,120
1684204320601033467,117.95,117.15,117.1,116.5,116,118.85,118.9,119,119.5,120
1684204320631831709,117.95,117.1,116.5,116,115.2,118.85,118.9,119,119.5,120
1684204320631831709,117.95,117.2,117.1,116.5,116,118.85,118.9,119,119.5,120
1684204349506995970,117.95,117.1,116.5,116,115.2,118.85,118.9,119,119.5,120
1684204349506995970,117.95,117.1,116.5,116,115.2,118.85,118.9,119,119.5,120
1684204349588843757,117.95,117.1,116.5,116,115,118.85,118.9,119,119.5,120
1684204368007824155,117.95,117.1,116.5,116,115.05,118.85,118.9,119,119.5,120
1684204515886169612,117.95,117.1,116.5,116,115,118.85,118.9,119,119.5,120
1684204524459350179,117.95,117.1,116.5,116,115.2,118.85,118.9,119,119.5,120
1684204536067572294,117.95,117.1,116.5,116,115,118.85,118.9,119,119.5,120
1684204542771806078,117.95,117.1,116.5,116,115.2,118.85,118.9,119,119.5,120
1684204585523403736,117.95,117.1,116.5,116,115,118.85,118.9,119,119.5,120
1684204595329404683,117.95,117.1,116.5,116,115.05,118.85,118.9,119,119.5,120
1684204653497751061,117.95,117.1,116.5,116,115,118.85,118.9,119,119.5,120
1684204659131931894,117.95,117.1,116.5,116,115.2,118.85,118.9,119,119.5,120
1684204659152297870,117.95,117.1,116.5,116,115.2,118.85,118.9,119,119.5,120
1684204659162541072,117.95,117.2,117.1,116.5,116,118.85,118.9,119,119.5,120
1684204659172840288,117.95,117.1,116.5,116,115.2,118.85,118.9,119,119.5,120
1684204659172840288,117.95,117.15,117.1,116.5,116,118.85,118.9,119,119.5,120
1684204659193309579,117.95,117.1,116.5,116,115.2,118.85,118.9,119,119.5,120
1684204659193309579,117.95,117.2,117.1,116.5,116,118.85,118.9,119,119.5,120
1684204660410825174,117.95,117.1,116.5,116,115.2,118.85,118.9,119,119.5,120
1684204660421084726,117.95,117.1,116.5,116,115.2,118.85,118.9,119,119.5,120
1684204661998029029,117.95,117.1,116.5,116,115.2,118.85,118.9,119,119.5,120
1684204662028825158,117.95,117.2,117.1,116.5,116,118.85,118.9,119,119.5,120
1684204664683126943,117.95,117.1,116.5,116,115.2,118.85,118.9,119,119.5,120
1684204664683140859,117.95,117.1,116.5,116,115.2,118.85,118.9,119,119.5,120
1684204751085601792,117.95,117.1,116.5,116,115,118.85,118.9,119,119.5,120
1684204751126565010,117.1,116.5,116,115,114.3,118.85,118.9,119,119.5,120
1684204751157208973,117.9,117.1,116.5,116,115,118.85,118.9,119,119.5,120
1684204751228877198,117.9,117.1,116.5,116,115,118.85,118.9,119,119.5,120
1684204751259602184,117.9,117.1,117,116.5,116,118.85,118.9,119,119.5,120
1684204751341653744,117.9,117.1,116.5,116,115,118.85,118.9,119,119.5,120
1684204751341653744,117.9,117.1,116.95,116.5,116,118.85,118.9,119,119.5,120
1684204753106926142,117.9,117.1,116.5,116,115,118.85,118.9,119,119.5,120
1684204753117411918,117.1,116.5,116,115,114.3,118.85,118.9,119,119.5,120
1684204753127474801,117.85,117.1,116.5,116,115,118.85,118.9,119,119.5,120
1684204753127474801,117.85,117.1,116.85,116.5,116,118.85,118.9,119,119.5,120
1684204770891030417,117.85,117.1,116.5,116,115,118.85,118.9,119,119.5,120
1684204770891030417,117.1,116.5,116,115,114.3,118.85,118.9,119,119.5,120
1684204770901302422,117.1,116.95,116.5,116,115,118.85,118.9,119,119.5,120
1684204770901302422,117.9,117.1,116.95,116.5,116,118.85,118.9,119,119.5,120
1684204771177718296,117.1,116.95,116.5,116,115,118.85,118.9,119,119.5,120
1684204771188039244,117.85,117.1,116.95,116.5,116,118.85,118.9,119,119.5,120
1684204771198202245,117.85,117.1,116.5,116,115,118.85,118.9,119,119.5,120
1684204771208478859,117.85,117.1,116.85,116.5,116,118.85,118.9,119,119.5,120
1684204791991904969,117.85,117.1,116.5,116,115,118.85,118.9,119,119.5,120
1684204792002228962,117.1,116.5,116,115,114.8,118.85,118.9,119,119.5,120
1684204792002228962,117.9,117.1,116.5,116,115,118.85,118.9,119,119.5,120
1684204792012452266,117.9,117.1,116.95,116.5,116,118.85,118.9,119,119.5,120
1684204806305598198,117.1,116.95,116.5,116,115,118.85,118.9,119,119.5,120
1684204806315935115,117.85,117.1,116.95,116.5,116,118.85,118.9,119,119.5,120
1684204806315951165,117.85,117.1,116.5,116,115,118.85,118.9,119,119.5,120
1684204806326192804,117.85,117.1,116.85,116.5,116,118.85,118.9,119,119.5,120
1684204820226236198,117.1,116.85,116.5,116,115,118.85,118.9,119,119.5,120
1684204820226236198,117.1,116.5,116,115,114.7,118.85,118.9,119,119.5,120
1684204820236381205,117.9,117.1,116.5,116,115,118.85,118.9,119,119.5,120
1684204820277389718,117.9,117.1,116.95,116.5,116,118.85,118.9,119,119.5,120
1684204820379746470,117.1,116.95,116.5,116,115,118.85,118.9,119,119.5,120
1684204820389933075,117.85,117.1,116.95,116.5,116,118.85,118.9,119,119.5,120
1684204820451467956,117.85,117.1,116.5,116,115,118.85,118.9,119,119.5,120
1684204820492437204,117.85,117.1,116.85,116.5,116,118.85,118.9,119,119.5,120
1684205004171339999,117.1,116.85,116.5,116,115,118.85,118.9,119,119.5,120
1684205004181580385,117.9,117.1,116.85,116.5,116,118.85,118.9,119,119.5,120
1684205004191820160,117.1,116.85,116.5,116,115,118.85,118.9,119,119.5,120
1684205004202056419,117.85,117.1,116.85,116.5,116,118.85,118.9,119,119.5,120
1684205023455649156,117.85,117.1,116.5,116,115,118.85,118.9,119,119.5,120
1684205023527335256,117.85,117.1,116.75,116.5,116,118.85,118.9,119,119.5,120
1684205034443324108,117.85,117.1,116.5,116,115,118.85,118.9,119,119.5,120
1684205034453667116,117.85,117.1,116.7,116.5,116,118.85,118.9,119,119.5,120
1684205034453667116,117.1,116.7,116.5,116,115,118.85,118.9,119,119.5,120
1684205034463886784,117.8,117.1,116.7,116.5,116,118.85,118.9,119,119.5,120
1684205057874885909,117.1,116.7,116.5,116,115,118.85,118.9,119,119.5,120
1684205057885171610,117.85,117.1,116.7,116.5,116,118.85,118.9,119,119.5,120
1684205057885171610,117.85,117.1,116.5,116,115,118.85,118.9,119,119.5,120
1684205057895422536,117.85,117.1,116.75,116.5,116,118.85,118.9,119,119.5,120
1684205058417617348,117.1,116.75,116.5,116,115,118.85,118.9,119,119.5,120
1684205058427892830,117.8,117.1,116.75,116.5,116,118.85,118.9,119,119.5,120
1684205058438193950,117.8,117.1,116.5,116,115,118.85,118.9,119,119.5,120
1684205058438193950,117.8,117.1,116.7,116.5,116,118.85,118.9,119,119.5,120
1684205098170014122,117.8,117.1,116.5,116,115,118.85,118.9,119,119.5,120
1684205098202776243,117.1,116.5,116,115,114.55,118.85,118.9,119,119.5,120
1684205098213059180,117.85,117.1,116.5,116,115,118.85,118.9,119,119.5,120
1684205098213059180,117.85,117.1,116.75,116.5,116,118.85,118.9,119,119.5,120
1684205098243741997,117.85,117.1,116.5,116,115,118.85,118.9,119,119.5,120
1684205098274407852,117.85,117.1,116.55,116.5,116,118.85,118.9,119,119.5,120
1684205098284805644,117.85,117.1,116.5,116,115,118.85,118.9,119,119.5,120
1684205098294905867,117.85,117.1,116.75,116.5,116,118.85,118.9,119,119.5,120
1684205219393172830,117.85,117.1,116.5,116,115,118.85,118.9,119,119.5,120
1684205219403369955,117.85,117.1,116.85,116.5,116,118.85,118.9,119,119.5,120
1684205219423843895,117.85,117.1,116.5,116,115,118.85,118.9,119,119.5,120
1684205219434138974,117.85,117.1,116.75,116.5,116,118.85,118.9,119,119.5,120
1684205228557065028,117.85,117.1,116.5,116,115,118.85,118.9,119,119.5,120
1684205228587838134,117.85,117.1,116.85,116.5,116,118.85,118.9,119,119.5,120
1684205228598071487,117.85,117.1,116.5,116,115,118.85,118.9,119,119.5,120
1684205228598071487,117.85,117.1,116.75,116.5,116,118.85,118.9,119,119.5,120
1684205229837213572,117.85,117.1,116.5,116,115,118.85,118.9,119,119.5,120
1684205229847445914,117.1,116.5,116,115,114.3,118.85,118.9,119,119.5,120
1684205229847470780,117.1,116.7,116.5,116,115,118.85,118.9,119,119.5,120
1684205229847470780,117.8,117.1,116.7,116.5,116,118.85,118.9,119,119.5,120
1684205239667772170,117.8,117.1,116.5,116,115,118.85,118.9,119,119.5,120
1684205239667772170,117.1,116.5,116,115,114.55,118.85,118.9,119,119.5,120
1684205239667772170,117.1,116.75,116.5,116,115,118.85,118.9,119,119.5,120
1684205239678036612,117.85,117.1,116.75,116.5,116,118.85,118.9,119,119.5,120
1684205239688150871,117.85,117.1,116.5,116,115,118.85,118.9,119,119.5,120
1684205239708678682,117.1,116.5,116,115,114.55,118.85,118.9,119,119.5,120
1684205239718917776,117.1,116.7,116.5,116,115,118.85,118.9,119,119.5,120
1684205239718917776,117.8,117.1,116.7,116.5,116,118.85,118.9,119,119.5,120
1684205290123121845,117.8,117.1,116.5,116,115,118.85,118.9,119,119.5,120
1684205290153827725,117.8,117.1,116.6,116.5,116,118.85,118.9,119,119.5,120
1684205304756378832,117.1,116.6,116.5,116,115,118.85,118.9,119,119.5,120
1684205304756378832,117.1,116.5,116,115,114.3,118.85,118.9,119,119.5,120
1684205304756378832,117.75,117.1,116.5,116,115,118.85,118.9,119,119.5,120
1684205304766501297,117.75,117.1,116.5,116,115,118.85,118.9,119,119.5,120
1684205305987144892,117.75,117.1,116.5,116,115,118.85,118.9,119,119.5,120
1684205305997432216,117.1,116.5,116,115,114.3,118.85,118.9,119,119.5,120
1684205305997465499,117.8,117.1,116.5,116,115,118.85,118.9,119,119.5,120
1684205306017943236,117.8,117.1,116.6,116.5,116,118.85,118.9,119,119.5,120
1684205306038306388,117.1,116.6,116.5,116,115,118.85,118.9,119,119.5,120
1684205306048594814,117.75,117.1,116.6,116.5,116,118.85,118.9,119,119.5,120
1684205306089503901,117.75,117.1,116.5,116,115,118.85,118.9,119,119.5,120
1684205306120225010,117.75,117.1,116.5,116,115,118.85,118.9,119,119.5,120
1684205309057206699,117.75,117.1,116.5,116,115,118.85,118.9,119,119.5,120
1684205309057206699,117.1,116.5,116,115,114.3,118.85,118.9,119,119.5,120
1684205309057239140,117.1,116.6,116.5,116,115,118.85,118.9,119,119.5,120
1684205309057239140,117.8,117.1,116.6,116.5,116,118.85,118.9,119,119.5,120
1684205309098136525,117.1,116.6,116.5,116,115,118.85,118.9,119,119.5,120
1684205309098136525,117.75,117.1,116.6,116.5,116,118.85,118.9,119,119.5,120
1684205309118645822,117.75,117.1,116.5,116,115,118.85,118.9,119,119.5,120
1684205309149317808,117.75,117.1,116.5,116,115,118.85,118.9,119,119.5,120
1684205311987911023,117.75,117.1,116.5,116,115,118.85,118.9,119,119.5,120
1684205312018634777,117.75,117.1,116.6,116.5,116,118.85,118.9,119,119.5,120
1684205312080125886,117.75,117.1,116.5,116,115,118.85,118.9,119,119.5,120
1684205312080151034,117.75,117.1,116.5,116,115,118.85,118.9,119,119.5,120
1684205314111659722,117.1,116.5,116,115,114,118.85,118.9,119,119.5,120
1684205314121951154,117.8,117.1,116.5,116,115,118.85,118.9,119,119.5,120
1684205314132216007,117.8,117.1,116.5,116,115,118.85,118.9,119,119.5,120
1684205314142466783,117.8,117.1,116.6,116.5,116,118.85,118.9,119,119.5,120
1684205314142466783,117.1,116.6,116.5,116,115,118.85,118.9,119,119.5,120
1684205314142481550,117.1,116.5,116,115,114,118.85,118.9,119,119.5,120
1684205314173139821,117.75,117.1,116.5,116,115,118.85,118.9,119,119.5,120
1684205314173139821,117.75,117.1,116.5,116,115,118.85,118.9,119,119.5,120
1684205321970081673,117.1,116.5,116,115,114.3,118.85,118.9,119,119.5,120
1684205321970081673,117.1,116.5,116,115,114.3,118.85,118.9,119,119.5,120
1684205321970106790,117.8,117.1,116.5,116,115,118.85,118.9,119,119.5,120
1684205321970106790,117.8,117.1,116.6,116.5,116,118.85,118.9,119,119.5,120
1684205321980198828,117.1,116.6,116.5,116,115,118.85,118.9,119,119.5,120
1684205321990547758,117.1,116.5,116,115,114.3,118.85,118.9,119,119.5,120
1684205321990547758,117.75,117.1,116.5,116,115,118.85,118.9,119,119.5,120
1684205321990547758,117.75,117.1,116.5,116,115,118.85,118.9,119,119.5,120
1684205325937100403,117.75,117.1,116.5,116,115,118.85,118.9,119,119.5,120
1684205325937100403,117.1,116.5,116,115,114.3,118.85,118.9,119,119.5,120
1684205325947289984,117.8,117.1,116.5,116,115,118.85,118.9,119,119.5,120
1684205325947289984,117.8,117.1,116.6,116.5,116,118.85,118.9,119,119.5,120
1684205325988252241,117.1,116.6,116.5,116,115,118.85,118.9,119,119.5,120
1684205325988252241,117.75,117.1,116.6,116.5,116,118.85,118.9,119,119.5,120
1684205326008687067,117.75,117.1,116.5,116,115,118.85,118.9,119,119.5,120
1684205326018952240,117.75,117.1,116.5,116,115,118.85,118.9,119,119.5,120
1684205336531523893,117.1,116.5,116,115,114.3,118.85,118.9,119,119.5,120
1684205336531523893,117.8,117.1,116.5,116,115,118.85,118.9,119,119.5,120
1684205336572438501,117.8,117.1,116.5,116,115,118.85,118.9,119,119.5,120
1684205336582722479,117.8,117.1,116.6,116.5,116,118.85,118.9,119,119.5,120
1684205386137951221,117.8,117.1,116.6,116.5,116,118,118.85,118.9,119,119.5
1684205392222668226,117.8,117.1,116.6,116.5,116,118,118.5,118.85,118.9,119
1684205477954427880,117.8,117.1,116.5,116,115,118,118.5,118.85,118.9,119
1684205477964663948,117.8,117.1,116.7,116.5,116,118,118.5,118.85,118.9,119
1684205477985234720,117.8,117.1,116.5,116,115,118,118.5,118.85,118.9,119
1684205477985234720,117.8,117.1,116.6,116.5,116,118,118.5,118.85,118.9,119
1684205480692692702,117.8,117.1,116.5,116,115,118,118.5,118.85,118.9,119
1684205480702893865,117.8,117.1,116.7,116.5,116,118,118.5,118.85,118.9,119
1684205480713238377,117.8,117.1,116.5,116,115,118,118.5,118.85,118.9,119
1684205480713238377,117.8,117.1,116.6,116.5,116,118,118.5,118.85,118.9,119
1684205482117083276,117.8,117.1,116.5,116,115,118,118.5,118.85,118.9,119
1684205482147748781,117.8,117.1,116.7,116.5,116,118,118.5,118.85,118.9,119
1684206087015402116,117.1,116.7,116.5,116,115,118,118.5,118.85,118.9,119
1684206087015402116,117.1,116.5,116,115,114.55,118,118.5,118.85,118.9,119
1684206087015402116,117.85,117.1,116.5,116,115,118,118.5,118.85,118.9,119
1684206087025580346,117.85,117.1,116.75,116.5,116,118,118.5,118.85,118.9,119
1684206287638718555,117.1,116.75,116.5,116,115,118,118.5,118.85,118.9,119
1684206287659205339,117.8,117.1,116.75,116.5,116,118,118.5,118.85,118.9,119
1684206287669400320,117.8,117.1,116.5,116,115,118,118.5,118.85,118.9,119
1684206287700118274,117.8,117.1,116.7,116.5,116,118,118.5,118.85,118.9,119
1684206571450170208,117.1,116.7,116.5,116,115,118,118.5,118.85,118.9,119
1684206571460415213,117.85,117.1,116.7,116.5,116,118,118.5,118.85,118.9,119
1684206571523964779,117.85,117.1,116.5,116,115,118,118.5,118.85,118.9,119
1684206571534146004,117.85,117.1,116.75,116.5,116,118,118.5,118.85,118.9,119
1684207208425797654,117.85,117.1,116.5,116,115,118,118.5,118.85,118.9,119
1684207208425797654,117.1,116.5,116,115,114.55,118,118.5,118.85,118.9,119
1684207208435926451,117.8,117.1,116.5,116,115,118,118.5,118.85,118.9,119
1684207208456405972,117.8,117.1,116.7,116.5,116,118,118.5,118.85,118.9,119
1684207235351196306,117.8,117.1,116.5,116,115,118,118.5,118.85,118.9,119
1684207235381924629,117.8,117.1,116.6,116.5,116,118,118.5,118.85,118.9,119
1684207264144544802,117.1,116.6,116.5,116,115,118,118.5,118.85,118.9,119
1684207264144544802,117.75,117.1,116.6,116.5,116,118,118.5,118.85,118.9,119
1684207264164980843,117.75,117.1,116.5,116,115,118,118.5,118.85,118.9,119
1684207264175214888,117.75,117.1,116.5,116,115,118,118.5,118.85,118.9,119
1684207269092603623,117.1,116.5,116,115,114.3,118,118.5,118.85,118.9,119
1684207269102874709,117.8,117.1,116.5,116,115,118,118.5,118.85,118.9,119
1684207269102889466,117.8,117.1,116.5,116,115,118,118.5,118.85,118.9,119
1684207269133506684,117.8,117.1,116.6,116.5,116,118,118.5,118.85,118.9,119
1684207279750632662,117.1,116.6,116.5,116,115,118,118.5,118.85,118.9,119
1684207279750632662,117.1,116.5,116,115,114.3,118,118.5,118.85,118.9,119
1684207279750632662,117.75,117.1,116.5,116,115,118,118.5,118.85,118.9,119
1684207279750647310,117.75,117.1,116.5,116,115,118,118.5,118.85,118.9,119
1684207313421265167,117.1,116.5,116,115,114.2,118,118.5,118.85,118.9,119
1684207313431554226,117.8,117.1,116.5,116,115,118,118.5,118.85,118.9,119
1684207313452031625,117.8,117.1,116.5,116,115,118,118.5,118.85,118.9,119
1684207313482712201,117.8,117.1,116.6,116.5,116,118,118.5,118.85,118.9,119
1684207313667115920,117.1,116.6,116.5,116,115,118,118.5,118.85,118.9,119
1684207313667115920,117.1,116.5,116,115,114,118,118.5,118.85,118.9,119
1684207313677352881,117.1,116.5,116,115,114,118,118.5,118.85,118.9,119
1684207313677352881,117.75,117.1,116.5,116,115,118,118.5,118.85,118.9,119
1684207376578649226,117.1,116.5,116,115,114,118,118.5,118.85,118.9,119
1684207376578649226,117.1,116.5,116,115,114,118,118.5,118.85,118.9,119
1684207376588782662,117.8,117.1,116.5,116,115,118,118.5,118.85,118.9,119
1684207376619505127,117.8,117.1,116.6,116.5,116,118,118.5,118.85,118.9,119
1684207611782127488,117.8,117.1,116.5,116,115,118,118.5,118.85,118.9,119
1684207611792270182,117.8,117.1,116.7,116.5,116,118,118.5,118.85,118.9,119
1684207888970255953,117.1,116.7,116.5,116,115,118,118.5,118.85,118.9,119
1684207888980527539,117.1,116.5,116,115,114.55,118,118.5,118.85,118.9,119
1684207888980527539,117.85,117.1,116.5,116,115,118,118.5,118.85,118.9,119
1684207888980527539,117.85,117.1,116.75,116.5,116,118,118.5,118.85,118.9,119
1684207979274170283,117.1,116.75,116.5,116,115,118,118.5,118.85,118.9,119
1684207979284409528,117.8,117.1,116.75,116.5,116,118,118.5,118.85,118.9,119
1684207979294660526,117.8,117.1,116.5,116,115,118,118.5,118.85,118.9,119
1684207979304887979,117.8,117.1,116.7,116.5,116,118,118.5,118.85,118.9,119
1684209765166546301,117.8,117.1,116.5,116,115,118,118.5,118.85,118.9,119
1684209765166546301,117.8,117.1,116.6,116.5,116,118,118.5,118.85,118.9,119
1684210090465031565,117.8,117.1,116.6,116.5,116,118.5,118.85,118.9,119,119.5
1684210446932668975,117.8,117.1,116.5,116,115,118.5,118.85,118.9,119,119.5
1684210446932668975,117.1,116.5,116,115,114,118.5,118.85,118.9,119,119.5
1684210446932668975,117.1,116.5,116,115,114,118.5,118.85,118.9,119,119.5
1684210446942873715,117.75,117.1,116.5,116,115,118.5,118.85,118.9,119,119.5
1684210777598075594,117.75,117.1,116.5,116,115,118.5,118.85,118.9,119,119.5
1684210777598089520,117.1,116.5,116,115,114,118.5,118.85,118.9,119,119.5
1684210777608251190,117.8,117.1,116.5,116,115,118.5,118.85,118.9,119,119.5
1684210777628756010,117.8,117.1,116.6,116.5,116,118.5,118.85,118.9,119,119.5
1684210849567993081,117.8,117.1,116.5,116,115,118.5,118.85,118.9,119,119.5
1684210849588432698,117.8,117.1,116.7,116.5,116,118.5,118.85,118.9,119,119.5
1684210849731795958,117.8,117.1,116.5,116,115,118.5,118.85,118.9,119,119.5
1684210849742025154,117.8,117.1,116.6,116.5,116,118.5,118.85,118.9,119,119.5
1684210861786539214,117.8,117.1,116.5,116,115,118.5,118.85,118.9,119,119.5
1684210861796806542,117.8,117.1,116.7,116.5,116,118.5,118.85,118.9,119,119.5
1684210931806853815,117.8,117.1,116.7,116.5,116,118.5,118.85,118.9,119,119.5
1684210955369516090,117.8,117.1,116.7,116.5,116,118.4,118.5,118.85,119,119.5
1684211483944689472,117.1,116.7,116.5,116,115,118.4,118.5,118.85,119,119.5
1684211483944689472,117.85,117.1,116.7,116.5,116,118.4,118.5,118.85,119,119.5
1684211483965175436,117.85,117.1,116.7,116.5,116,118.4,118.5,118.85,119,119.5
1684211483995822499,117.85,117.1,116.75,116.7,116.5,118.4,118.5,118.85,119,119.5
1684211583804737146,117.85,117.1,116.7,116.5,116,118.4,118.5,118.85,119,119.5
1684211583815073623,117.85,117.1,116.85,116.7,116.5,118.4,118.5,118.85,119,119.5
1684211731402503031,117.85,117.1,116.7,116.5,116,118.4,118.5,118.85,119,119.5
1684211731412811727,117.85,117.1,116.75,116.7,116.5,118.4,118.5,118.85,119,119.5
1684211985305632055,117.1,116.75,116.7,116.5,116,118.4,118.5,118.85,119,119.5
1684211985315874846,117.8,117.1,116.75,116.7,116.5,118.4,118.5,118.85,119,119.5
1684211985315874846,117.8,117.1,116.7,116.5,116,118.4,118.5,118.85,119,119.5
1684211985325999877,117.8,117.1,116.7,116.5,116,118.4,118.5,118.85,119,119.5
1684211995108512279,117.1,116.7,116.5,116,115,118.4,118.5,118.85,119,119.5
1684211995108512279,117.1,116.7,116.5,116,115,118.4,118.5,118.85,119,119.5
1684211995119029706,117.85,117.1,116.7,116.5,116,118.4,118.5,118.85,119,119.5
1684211995139141968,117.85,117.1,116.75,116.7,116.5,118.4,118.5,118.85,119,119.5
1684212464735090002,117.1,116.75,116.7,116.5,116,118.4,118.5,118.85,119,119.5
1684212464745359414,117.1,116.7,116.5,116,115,118.4,118.5,118.85,119,119.5
1684212464745359414,117.1,116.7,116.5,116,115,118.4,118.5,118.85,119,119.5
1684212464755567590,117.8,117.1,116.7,116.5,116,118.4,118.5,118.85,119,119.5
1684212744029668199,117.8,117.1,116.7,116.5,116,118,118.4,118.5,118.85,119
1684212885362346536,117.8,117.1,116.7,116.5,116,118,118.4,118.5,118.85,119
1684212885403300179,117.1,116.7,116.5,116,115,118,118.4,118.5,118.85,119
1684212885413582455,117.7,117.1,116.7,116.5,116,118,118.4,118.5,118.85,119
1684212899462034286,117.7,117.1,116.7,116.5,116,117.8,118,118.5,118.85,119
1684212916593861556,117.7,117.1,116.7,116.5,116,118,118.5,118.85,119,119.5
1684213405244629915,117.7,117.1,116.7,116.5,116,118,118.5,118.85,119,119.5
1684213405277372421,117.7,117.1,116.7,116.6,116.5,118,118.5,118.85,119,119.5
1684213808358274254,117.1,116.7,116.6,116.5,116,118,118.5,118.85,119,119.5
1684213808370553349,117.65,117.1,116.7,116.6,116.5,118,118.5,118.85,119,119.5
1684213808391058879,117.1,116.7,116.6,116.5,116,118,118.5,118.85,119,119.5
1684213808401271112,117.7,117.1,116.7,116.6,116.5,118,118.5,118.85,119,119.5
1684213808411468107,117.7,117.1,116.7,116.5,116,118,118.5,118.85,119,119.5
1684213808442250182,117.7,117.1,116.7,116.5,116,118,118.5,118.85,119,119.5
1684213808442343377,117.1,116.7,116.5,116,115,118,118.5,118.85,119,119.5
1684213808454559803,117.65,117.1,116.7,116.5,116,118,118.5,118.85,119,119.5
1684214428498921328,117.65,117.1,116.7,116.5,116,118,118.5,118.85,119,119.5
1684214585112103687,117.65,117.1,116.7,116.5,116,118,118.5,118.85,119,119.5
1684214585142871826,117.65,117.1,116.7,116.5,116.45,118,118.5,118.85,119,119.5
1684214619573438877,117.65,117.1,116.7,116.5,116,118,118.5,118.85,119,119.5
1684214619583690265,117.65,117.1,116.7,116.5,116,118,118.5,118.85,119,119.5
1684214650776279757,117.65,117.1,116.7,116.5,116,118,118.5,118.85,119,119.5
1684214650776279757,117.1,116.7,116.5,116,115,118,118.5,118.85,119,119.5
1684214650776304223,117.1,116.7,116.6,116.5,116,118,118.5,118.85,119,119.5
1684214650776304223,117.7,117.1,116.7,116.6,116.5,118,118.5,118.85,119,119.5
1684214654171890930,117.1,116.7,116.6,116.5,116,118,118.5,118.85,119,119.5
1684214654171890930,117.65,117.1,116.7,116.6,116.5,118,118.5,118.85,119,119.5
1684214654182177113,117.65,117.1,116.7,116.5,116,118,118.5,118.85,119,119.5
1684214654192328863,117.65,117.1,116.7,116.5,116,118,118.5,118.85,119,119.5
1684214654840610693,117.1,116.7,116.5,116,115,118,118.5,118.85,119,119.5
1684214654850860598,117.7,117.1,116.7,116.5,116,118,118.5,118.85,119,119.5
1684214654891853435,117.7,117.1,116.7,116.5,116,118,118.5,118.85,119,119.5
1684214654891869455,117.7,117.1,116.7,116.6,116.5,118,118.5,118.85,119,119.5
1684214673722387061,117.1,116.7,116.6,116.5,116,118,118.5,118.85,119,119.5
1684214673732692660,117.65,117.1,116.7,116.6,116.5,118,118.5,118.85,119,119.5
1684214673732733266,117.65,117.1,116.7,116.5,116,118,118.5,118.85,119,119.5
1684214673742882492,117.65,117.1,116.7,116.5,116,118,118.5,118.85,119,119.5
1684214684718330984,117.1,116.7,116.5,116,115,118,118.5,118.85,119,119.5
1684214684718330984,117.7,117.1,116.7,116.5,116,118,118.5,118.85,119,119.5
1684214684749082501,117.7,117.1,116.7,116.5,116,118,118.5,118.85,119,119.5
1684214684779687404,117.7,117.1,116.7,116.5,116,118,118.5,118.85,119,119.5
1684214686424326557,117.1,116.7,116.5,116,115,118,118.5,118.85,119,119.5
1684214686424326557,117.1,116.7,116.5,116,115,118,118.5,118.85,119,119.5
1684214686434591831,117.1,116.7,116.5,116,115,118,118.5,118.85,119,119.5
1684214686454953301,117.65,117.1,116.7,116.5,116,118,118.5,118.85,119,119.5
1684214691083605605,117.65,117.1,116.7,116.5,116,118,118.5,118.85,119,119.5
1684214691134827988,117.65,117.1,116.7,116.5,116,118,118.5,118.85,119,119.5
1684214694575484706,117.1,116.7,116.5,116,115,118,118.5,118.85,119,119.5
1684214694585772342,117.7,117.1,116.7,116.5,116,118,118.5,118.85,119,119.5
1684214694595920626,117.7,117.1,116.7,116.5,116,118,118.5,118.85,119,119.5
1684214694606351170,117.7,117.1,116.7,116.6,116.5,118,118.5,118.85,119,119.5
1684214720334741952,117.7,117.1,116.7,116.6,116.5,118,118.5,118.85,119,119.5
1684214730380557478,117.65,117.1,116.7,116.5,116.45,118,118.5,118.85,119,119.5
1684214735375595083,117.55,117.1,116.7,116.5,116.2,118,118.5,118.85,119,119.5
1684214760468984498,117.55,117.1,116.7,116.5,116.1,118,118.5,118.85,119,119.5
1684214765486858138,117.55,117.1,116.7,116.5,116.2,118,118.5,118.85,119,119.5
1684214775528232675,117.55,117.1,116.7,116.5,116.1,118,118.5,118.85,119,119.5
1684214785546168504,117.5,117.1,116.7,116.5,116,118,118.5,118.85,119,119.5
1684214795580541104,117.55,117.1,116.7,116.5,116.1,118,118.5,118.85,119,119.5
1684214951092031765,117.6,117.1,116.7,116.5,116.25,118,118.5,118.85,119,119.5
1684214956115769023,117.6,117.1,116.7,116.5,116.35,118,118.5,118.85,119,119.5
1684214991230321858,117.65,117.1,116.7,116.5,116.45,118,118.5,118.85,119,119.5
1684215001258523647,117.65,117.1,116.7,116.5,116.45,118,118.5,118.85,119,119.5
