Timestamp,BidPrice0,BidPrice1,BidPrice2,BidPrice3,BidPrice4,AskPrice0,AskPrice1,AskPrice2,AskPrice3,AskPrice4
1683238519509623182,0,0,0,0,0,0,0,0,0,0
1683246750045655794,108,0,0,0,0,0,0,0,0,0
1683246940667568729,119.1,108,0,0,0,0,0,0,0,0
1683247252487938030,119.1,108,0,0,0,127,0,0,0,0
1683247357839960016,119.1,108,0,0,0,123,127,0,0,0
1683247483227787860,119.1,108,0,0,0,123,127,130,0,0
1683247593579964097,119.1,108,0,0,0,123,126,127,130,0
1683247799849779216,119.1,108,0,0,0,120,123,126,127,130
1683247819905300358,119.1,108,0,0,0,120,123,125,126,127
1683247824930113456,119.1,108,0,0,0,120,123,125,126,127
1683247829940641561,119.1,108,0,0,0,120,121,123,125,126
1683247990474977818,119.1,108,0,0,0,120,121,123,125,126
1683248276414126192,119.1,108,0,0,0,120,121,123,125,126
1683248419451961490,119.1,108,0,0,0,120,121,123,125,126
1683248542614584130,119.1,108,0,0,0,120,120.5,121,123,125
1683248923183513773,119.1,115,108,0,0,120,120.5,121,123,125
1683249214046394586,119.1,115,108,0,0,120,120.5,121,123,124.5
1683249336487118360,119.1,115,108,0,0,120,120.5,121,122,123
1683249622231857651,119.1,115,108,0,0,120,120.5,121,122,123
1683249636847761032,119.1,115,108,0,0,120,120.5,121,122,123
1683249678704425853,119.1,115,108,0,0,120,120.5,121,122,123
1683249741843266398,119.1,115,108,0,0,120,120.5,121,122,123
1683249767197978547,119.1,115,109,108,0,120,120.5,121,122,123
1683249861535529633,119.1,115,109,108,0,120.5,121,122,123,124.5
1683250390159896975,119.1,115,109,108,0,121,122,123,124.5,125
1683250396863074717,120.5,119.1,115,109,108,121,122,123,124.5,125
1683250401849952656,119.1,115,109,108,0,121,122,123,124.5,125
1683250443620703262,119.1,115,109,108,0,121,122,123,124.5,125
1683250449675816663,119.1,115,109,108,0,121,122,122.5,123,124.5
1683250470202105942,119.1,115,109,108,0,121,122,122.5,123,124.5
1683250474976144171,119.1,115,109,108,0,120.9,121,122,122.5,123
1683250482980873704,119.1,115,109,108,0,120.9,121,121.5,122,122.5
1683250495817961634,119.1,115,109,108,0,120.9,121,121.5,122,122.5
1683250495850683596,119.1,118.1,115,109,108,120.9,121,121.5,122,122.5
1683250495861263832,119.1,118.1,117.1,115,109,120.9,121,121.5,122,122.5
1683250513321523362,119.15,119.1,118.1,117.1,115,120.9,121,121.5,122,122.5
1683250513352243525,119.15,119.1,118.1,117.1,115,120.9,121,121.5,122,122.5
1683250517593681332,119.15,119.1,118.1,117.1,115,120.9,121,121.5,122,122.5
1683250560560462457,120,119.15,119.1,118.1,117.1,120.9,121,121.5,122,122.5
1683250560601356092,120,119.15,119.1,118.1,117.1,120.9,121,121.5,122,122.5
1683250563863930815,120,119.15,119.1,118.1,117.1,120.9,121,121.5,122,122.5
1683250592119595335,120,119.15,119.1,118.1,117.1,120.5,120.9,121,121.5,122
1683250652249969036,120.1,120,119.15,119.1,118.1,120.5,120.9,121,121.5,122
1683250652280661867,120.1,120,119.15,119.1,118.1,120.5,120.9,121,121.5,122
1683250660537443884,120.1,120,119.15,119.1,118.1,120.5,120.9,121,121.5,122
1683250856590447446,120.1,120,119.15,119.1,118.1,120.9,121,121.5,122,122.5
1683251089195133292,120.1,120,119.15,119.1,118.1,120.9,121,121.5,122,122.5
1683251089195133292,120.1,120,119.15,119.1,117.1,120.9,121,121.5,122,122.5
1683251089195148912,120.1,120,119.15,119.1,115,120.9,121,121.5,122,122.5
1683251103691004143,120.1,120,119.15,119.1,115,120.9,121,122,122.5,123
1683251103742249385,120.1,120,119.15,119.1,115,120.9,121,122,122.5,123
1683251105529074108,120.1,120,119.15,119.1,118.85,120.9,121,122,122.5,123
1683251114623436459,120.1,120,119.15,119.1,116.85,120.9,121,122,122.5,123
1683251114623436459,120.1,120,119.15,119.1,115,120.9,121,122,122.5,123
1683251220120790453,120.1,120,119.15,119.1,115,120.5,120.9,121,122,122.5
1683251224329523893,120.1,120,119.15,119.1,115,120.5,120.9,121,122,122.5
1683251228311905810,120.1,120,119.15,119.1,115,120.5,120.9,121,122,122.5
1683251506834410697,120.1,120,119.15,119.1,115,120.5,120.9,121,122,122.5
1683251529758226174,120.1,120,119.15,119.1,115,120.4,120.5,120.9,121,122
1683252127960174676,120.1,120,119.15,119.1,115,120.4,120.5,120.9,121,122
1683252146995550848,120,119.15,119.1,115,109,120.4,120.5,120.9,121,122
1683252152502689738,119.15,119.1,115,109,108,120.4,120.5,120.9,121,122
1683252222585477508,119.15,119.1,115,109,108,120.4,120.5,120.9,121,121.95
1683252594869002926,119.15,119.1,115,109,108,120.5,120.9,121,121.95,122
1683252754821442591,119.15,119.1,115,109,108,120.5,120.9,121,121.95,122
1683253190744515995,119.5,119.15,119.1,115,109,120.5,120.9,121,121.95,122
1683253298530506159,119.5,119.15,119.1,115,109,120.5,120.9,121,121.95,122
1683253471096853603,119.7,119.5,119.15,119.1,115,120.5,120.9,121,121.95,122
1683254144740459347,119.7,119.5,119.15,119.1,115,120.4,120.5,120.9,121,121.95
1683255128179001614,119.7,119.5,119.15,119.1,115,120.4,120.5,120.9,121,121.95
1683256730824275030,119.7,119.5,119.15,119.1,115,120.4,120.5,120.9,121,121.95
1683257257738505183,120,119.5,119.15,119.1,115,120.4,120.5,120.9,121,121.95
1683257381594431791,120,119.5,119.15,119.1,115,120.4,120.5,120.9,121,121.95
1683257418732519182,120,119.5,119.15,119.1,115,120.4,120.5,120.9,121,121.95
1683257576036944180,120,119.5,119.15,119.1,115,120.3,120.4,120.5,120.9,121
1683257758095848427,119.5,119.15,119.1,115,109,120.3,120.4,120.5,120.9,121
1683257883095620066,119.5,119.15,119.1,117.8,115,120.3,120.4,120.5,120.9,121
1683257883116113775,119.5,119.15,119.1,117.8,116.8,120.3,120.4,120.5,120.9,121
1683257884676703015,119.5,119.15,119.1,116.8,115.8,120.3,120.4,120.5,120.9,121
1683257891177226818,119.5,119.15,119.1,117.7,116.8,120.3,120.4,120.5,120.9,121
1683258180330947122,119.5,119.15,119.1,116.8,115.8,120.3,120.4,120.5,120.9,121
1683258185793059774,119.5,119.15,119.1,117.8,116.8,120.3,120.4,120.5,120.9,121
1683258219801703855,119.5,119.15,119.1,116.8,115.8,120.3,120.4,120.5,120.9,121
1683258239091158365,119.5,119.15,119.1,117.7,116.8,120.3,120.4,120.5,120.9,121
1683258272412663620,119.5,119.15,119.1,119,117.7,120.3,120.4,120.5,120.9,121
1683258281948369005,119.5,119.15,119.1,119,118,120.3,120.4,120.5,120.9,121
1683258353913184395,119.6,119.5,119.15,119.1,119,120.3,120.4,120.5,120.9,121
1683259727197130581,119.6,119.5,119.1,119,118,120.3,120.4,120.5,120.9,121
1683260549275282951,119.6,119.5,119.1,119,118,120,120.3,120.4,120.5,120.9
1683261360320295999,119.6,119.5,119.1,119,118,120,120.4,120.5,120.9,121
1683261775359687281,120,119.6,119.5,119.1,119,120.4,120.5,120.9,121,121.95
1683262940784609825,120,119.6,119.5,119.1,119,120.4,120.5,120.9,121,121.95
1683264319602306503,120,119.6,119.5,119.1,119,120.4,120.5,120.9,121,121.95
1683264424935971186,120,119.6,119.5,119.1,119,120.4,120.5,120.9,121,122
1683264640632891195,120,119.6,119.5,119.1,119,120.4,120.5,120.9,121,122
