Timestamp,BidPrice0,BidPrice1,BidPrice2,BidPrice3,BidPrice4,AskPrice0,AskPrice1,AskPrice2,AskPrice3,AskPrice4
1684880100828227381,0,0,0,0,0,0,0,0,0,0
1684888246432870260,0,0,0,0,0,119,0,0,0,0
1684888256469356371,0,0,0,0,0,119,120,0,0,0
1684888261489063846,0,0,0,0,0,119,120,0,0,0
1684888577504849119,0,0,0,0,0,119,120,124.9,0,0
1684888582519438796,0,0,0,0,0,119,120,124.9,126.9,0
1684888707929720391,0,0,0,0,0,118,119,120,124.9,126.9
1684888712937212412,0,0,0,0,0,118,119,120,124.9,126.9
1684888722987928852,0,0,0,0,0,118,118.5,118.8,119,120
1684889235444050957,0,0,0,0,0,118,118.05,118.5,118.8,119
1684889240464754671,0,0,0,0,0,117.5,118,118.05,118.5,118.8
1684889245468072115,0,0,0,0,0,117.5,118,118.05,118.1,118.5
1684889250482858633,0,0,0,0,0,117.5,118,118.05,118.1,118.15
1684889255493162205,0,0,0,0,0,118,118.05,118.1,118.15,118.2
1684889285589101954,0,0,0,0,0,117.5,118,118.05,118.1,118.15
1684889537013991368,0,0,0,0,0,118,118.05,118.1,118.15,118.2
1684889557091935317,0,0,0,0,0,117.5,118,118.05,118.1,118.15
1684889817925561134,0,0,0,0,0,117,117.5,118,118.05,118.1
1684889938317308242,0,0,0,0,0,117.5,118,118.05,118.1,118.15
1684890000526349840,0,0,0,0,0,117.5,118,118.05,118.1,118.15
1684890075438314793,0,0,0,0,0,118,118.05,118.1,118.15,118.2
1684890131730662110,0,0,0,0,0,117.5,118,118.05,118.1,118.15
1684890254676098294,0,0,0,0,0,118,118.05,118.1,118.15,118.2
1684890265870639835,115,0,0,0,0,118,118.05,118.1,118.15,118.2
1684890332173809378,115,0,0,0,0,117.5,118,118.05,118.1,118.15
1684890382882064142,115,0,0,0,0,118,118.05,118.1,118.15,118.2
1684890389966222295,115,0,0,0,0,118,118.05,118.1,118.15,118.2
1684890402324075989,115,0,0,0,0,118,118.05,118.1,118.15,118.2
1684890450798068477,115,0,0,0,0,117.5,118,118.05,118.1,118.15
1684890463110863118,115,0,0,0,0,118,118.05,118.1,118.15,118.2
1684890543015016340,115,0,0,0,0,117.5,118,118.05,118.1,118.15
1684890656010164515,115,0,0,0,0,117.5,118,118.05,118.1,118.15
1684890752080308182,116.5,115,0,0,0,117.5,118,118.05,118.1,118.15
1684890766165637269,116.5,115,0,0,0,117.5,118,118.05,118.1,118.15
1684890766206692444,116.5,115,0,0,0,117.5,118,118.05,118.1,118.15
1684890807865698715,116.8,116.5,115,0,0,117.5,118,118.05,118.1,118.15
1684890889097972462,116.8,116.5,115,0,0,117.5,118,118.05,118.1,118.15
1684890889128651695,117,116.8,116.5,115,0,117.5,118,118.05,118.1,118.15
1684891186778830899,117,116.8,116.5,115,0,117.5,118,118.05,118.1,118.15
1684891189622531093,117,116.8,116.5,115,0,118,118.05,118.1,118.15,118.2
1684891305018987703,117,116.8,116.5,115,0,118,118.05,118.1,118.15,118.2
1684891305950920075,117,116.8,116.5,115,0,118,118.05,118.1,118.15,118.2
1684891317271403737,117,116.8,116.5,115,0,118,118.05,118.1,118.15,118.2
1684891469487392580,116.8,116.5,115,0,0,117,118,118.05,118.1,118.15
1684891474834901864,116.8,116.5,115,0,0,117,117.5,118,118.05,118.1
1684891495440205391,116.8,116.5,115,0,0,117.5,118,118.05,118.1,118.15
1684891507396506918,117,116.8,116.5,115,0,117.5,118,118.05,118.1,118.15
1684891603220016278,117,116.8,116.5,115,0,117.5,118,118.05,118.1,118.15
1684891811481564684,117,116.8,116.5,115,0,117.5,118,118.05,118.1,118.15
1684891841980902727,117,116.8,116.5,115,0,117.5,118,118.05,118.1,118.15
1684891881160862534,117,116.8,116.5,115,0,117.5,118,118.05,118.1,118.15
1684891906624005731,117,116.8,116.5,115,0,117.5,118,118.05,118.1,118.15
1684891948912855277,117.3,117,116.8,116.5,115,117.5,118,118.05,118.1,118.15
1684891991080875025,117.3,117,116.8,116.5,115,118,118.05,118.1,118.15,118.2
1684892019836314755,117.3,117,116.8,116.5,115,118,118.05,118.1,118.15,118.2
1684892103038671202,117.5,117,116.8,116.5,115,118,118.05,118.1,118.15,118.2
1684892296698883247,117.5,117,116.8,116.5,115,118,118.05,118.1,118.15,118.2
1684892402321094590,117.5,117,116.8,116.5,115,118,118.05,118.1,118.15,118.2
1684892518645444129,117.5,117,116.8,116.5,115,118.05,118.1,118.15,118.2,118.25
1684892661913538924,117.5,117,116.8,116.5,115,118.05,118.1,118.15,118.2,118.25
1684892820449978324,118,117.5,117,116.8,116.5,118.05,118.1,118.15,118.2,118.25
1684892842528734512,118,117.5,117,116.8,116.5,118.05,118.1,118.15,118.2,118.25
1684892914959426991,117.5,117,116.8,116.5,115,118.05,118.1,118.15,118.2,118.25
1684892921940285203,117.5,117.05,117,116.8,116.5,118.05,118.1,118.15,118.2,118.25
1684893100635311122,117.5,117.05,117,116.8,116.5,118,118.05,118.1,118.15,118.2
1684893256904410591,117.5,117.05,117,116.8,116.5,118.05,118.1,118.15,118.2,118.25
1684893529486512544,117.5,117.05,117,116.8,116.5,118,118.05,118.1,118.15,118.2
1684893657037224041,117.5,117.05,117,116.8,116.5,118,118.05,118.1,118.15,118.2
1684893661125226470,117.5,117.05,117,116.8,116.5,118,118.05,118.1,118.15,118.2
1684893704888386712,117.5,117.05,117,116.8,116.5,118.05,118.1,118.15,118.2,118.25
1684893905184200115,117.5,117.05,117,116.8,116.5,118,118.05,118.1,118.15,118.2
1684894112536410842,117.8,117.5,117.05,117,116.8,118,118.05,118.1,118.15,118.2
1684894171168550857,117.8,117.5,117.05,117,116.8,118,118.05,118.1,118.15,118.2
1684894183447667805,117.8,117.5,117.05,117,116.8,118,118.05,118.1,118.15,118.2
1684894234466134316,117.8,117.5,117.05,117,116.8,118,118.05,118.1,118.15,118.2
1684894807649530492,117.8,117.5,117.05,117,116.8,118,118.05,118.1,118.15,118.2
1684894861598820843,117.8,117.5,117.05,117,116.8,118,118.05,118.1,118.15,118.2
1684895208439588580,117.6,117.5,117.05,117,116.8,118,118.05,118.1,118.15,118.2
1684895701120874962,117.6,117.5,117.05,117,116.8,118,118.05,118.1,118.15,118.2
1684896929081489249,117.6,117.5,117.05,117,116.8,118,118.05,118.1,118.15,118.2
1684897304172961154,0,0,0,0,0,0,0,0,0,0
1684897304172961154,117.05,117,116.8,116.5,115,118,118.05,118.1,118.15,118.2
1684897311545844622,117.05,117,116.8,116.5,115,117.95,118,118.05,118.1,118.15
1684899088177041799,117.05,117,116.9,116.8,116.5,117.95,118,118.05,118.1,118.15
1684899097117764196,117.05,117,116.8,116.5,115.9,117.95,118,118.05,118.1,118.15
1684899099665505711,117.3,117.05,117,116.8,116.5,117.95,118,118.05,118.1,118.15
1684899101730987923,117.3,117.15,117.05,117,116.8,117.95,118,118.05,118.1,118.15
1684899101751419789,117.3,117.05,117,116.8,116.5,117.95,118,118.05,118.1,118.15
1684899106865453970,117.3,117.05,117,116.8,116.5,117.95,118,118.05,118.1,118.15
1684899117181323486,117.3,117.05,117,116.8,116.5,117.95,118,118.05,118.1,118.15
1684899120274845274,0,0,0,0,0,0,0,0,0,0
1684899120274845274,117.3,117.05,117,116.8,116.5,118.05,118.1,118.15,118.2,118.25
1684899120766365745,117.3,117.05,117,116.8,116.5,118.05,118.1,118.15,118.2,118.25
1684899120838032918,117.3,117.05,117,116.8,116.5,118.05,118.1,118.15,118.2,118.25
1684899125756465985,117.3,117.15,117.05,117,116.8,118.05,118.1,118.15,118.2,118.25
1684899126083196411,117.3,117.05,117,116.8,116.5,118.05,118.1,118.15,118.2,118.25
1684899130919494568,117.3,117.05,117,116.8,116.5,118.05,118.1,118.15,118.2,118.25
1684899130950239289,117.3,117.05,117,116.8,116.5,118.05,118.1,118.15,118.2,118.25
1684899134541447794,117.3,117.05,117,116.8,116.5,117.9,118.05,118.1,118.15,118.2
1684899134562025423,117.3,117.15,117.05,117,116.8,117.9,118.05,118.1,118.15,118.2
1684899147080607396,117.3,117.05,117,116.8,116.5,117.9,118.05,118.1,118.15,118.2
1684899147623272011,117.3,117.05,117,116.8,116.5,117.8,118.05,118.1,118.15,118.2
1684899150988201639,117.3,117.15,117.05,117,116.8,117.8,118.05,118.1,118.15,118.2
1684899154051052419,117.3,117.15,117.05,117,116.8,118,118.05,118.1,118.15,118.2
1684899160917109957,117.3,117.05,117,116.8,116.5,118,118.05,118.1,118.15,118.2
1684899165324420497,117.3,117.05,117,116.8,116.5,118,118.05,118.1,118.15,118.2
1684899166874790514,117.3,117.05,117,116.8,116.5,118.05,118.1,118.15,118.2,118.25
1684899171141880815,117.3,117.05,117,116.8,116.5,118.05,118.1,118.15,118.2,118.25
1684899174734140446,117.3,117.15,117.05,117,116.8,118.05,118.1,118.15,118.2,118.25
1684899175083084673,117.3,117.05,117,116.8,116.5,118.05,118.1,118.15,118.2,118.25
1684899179891074432,117.3,117.05,117,116.8,116.5,118.05,118.1,118.15,118.2,118.25
1684899184205253320,117.3,117.05,117,116.8,116.5,118.05,118.1,118.15,118.2,118.25
1684899188632207891,117.3,117.15,117.05,117,116.8,118.05,118.1,118.15,118.2,118.25
1684899196961436855,117.3,117.05,117,116.8,116.5,118.05,118.1,118.15,118.2,118.25
1684899200589605920,117.3,117.05,117,116.8,116.5,118.05,118.1,118.15,118.2,118.25
1684899203446603624,117.3,117.05,117,116.8,116.5,118.05,118.1,118.15,118.2,118.25
1684899207949251352,117.3,117.15,117.05,117,116.8,118.05,118.1,118.15,118.2,118.25
1684899227494579023,117.3,117.05,117,116.8,116.5,118.05,118.1,118.15,118.2,118.25
1684899232003402312,117.3,117.05,117,116.8,116.5,118.05,118.1,118.15,118.2,118.25
1684899255041668466,117.3,117.05,117,116.8,116.5,118,118.05,118.1,118.15,118.2
1684899285822629974,117.3,117.05,117,116.8,116.5,118,118.05,118.1,118.15,118.2
1684899311656536141,117.3,117.05,117,116.8,116.5,118,118.05,118.1,118.15,118.2
1684899315511008172,117.3,117.15,117.05,117,116.8,118,118.05,118.1,118.15,118.2
1684899315594987092,117.3,117.05,117,116.8,116.5,118,118.05,118.1,118.15,118.2
1684899320108754145,117.3,117.05,117,116.8,116.5,118,118.05,118.1,118.15,118.2
1684899337745472934,117.3,117.05,117,116.8,116.5,118,118.05,118.1,118.15,118.2
1684899341783140834,117.3,117.15,117.05,117,116.8,118,118.05,118.1,118.15,118.2
1684899345307872865,117.3,117.05,117,116.8,116.5,118,118.05,118.1,118.15,118.2
1684899349544217856,117.3,117.05,117,116.8,116.5,118,118.05,118.1,118.15,118.2
1684899389673334384,117.3,117.05,117,116.8,116.5,118,118.05,118.1,118.15,118.2
1684899395223521560,117.3,117.05,117,116.9,116.8,118,118.05,118.1,118.15,118.2
1684899422832089334,117.3,117.05,117,116.8,116.5,118,118.05,118.1,118.15,118.2
1684899426821612734,117.3,117.05,117,116.8,116.5,118,118.05,118.1,118.15,118.2
1684899429013071112,117.3,117.05,117,116.8,116.5,118,118.05,118.1,118.15,118.2
1684899446851413653,117.3,117.05,117,116.9,116.8,118,118.05,118.1,118.15,118.2
1684899458097310403,117.3,117.05,117,116.8,116.5,118,118.05,118.1,118.15,118.2
1684899463337077104,117.3,117.05,117,116.8,116.5,118,118.05,118.1,118.15,118.2
1684899507628852028,117.3,117.05,117,116.8,116.5,118,118.05,118.1,118.15,118.2
1684899511540626731,117.3,117.05,117,116.8,116.65,118,118.05,118.1,118.15,118.2
1684899548404272132,117.3,117.05,117,116.8,116.5,118,118.05,118.1,118.15,118.2
1684899555343020550,117.3,117.05,117,116.8,116.55,118,118.05,118.1,118.15,118.2
1684899556739738822,117.3,117.05,117,116.8,116.5,118,118.05,118.1,118.15,118.2
1684899562308352703,117.3,117.05,117,116.8,116.65,118,118.05,118.1,118.15,118.2
1684899628713825146,117.5,117.3,117.05,117,116.8,118,118.05,118.1,118.15,118.2
1684899736529540125,117.5,117.3,117.05,117,116.8,118,118.05,118.1,118.15,118.2
1684900080640429442,117.5,117.3,117.05,117,116.8,118,118.05,118.1,118.15,118.2
1684900080640429442,117.5,117.05,117,116.8,116.5,118,118.05,118.1,118.15,118.2
1684900104828685411,117.5,117.05,117,116.8,116.5,118,118.05,118.1,118.15,118.2
1684900338741893887,117.5,117.05,117,116.8,116.65,118,118.05,118.1,118.15,118.2
1684900548515984002,117.05,117,116.8,116.65,116.5,118,118.05,118.1,118.15,118.2
1684900553345385778,117.05,117,116.8,116.65,116.5,118,118.05,118.1,118.15,118.2
1684900613361889750,117.5,117.05,117,116.8,116.65,118,118.05,118.1,118.15,118.2
1684900623641020023,117.05,117,116.8,116.65,116.5,118,118.05,118.1,118.15,118.2
1684900653408171354,117.05,117,116.8,116.5,115.65,118,118.05,118.1,118.15,118.2
1684900674389265253,117.05,117,116.8,116.55,116.5,118,118.05,118.1,118.15,118.2
1684900674788689804,117.5,117.05,117,116.8,116.55,118,118.05,118.1,118.15,118.2
1684900681461156161,117.05,117,116.8,116.55,116.5,118,118.05,118.1,118.15,118.2
1684900802760164122,117.05,117,116.8,116.5,115.65,118,118.05,118.1,118.15,118.2
1684900812046397570,117.05,117,116.8,116.5,116.4,118,118.05,118.1,118.15,118.2
1684901022949493350,117.05,117,116.8,116.5,115.65,118,118.05,118.1,118.15,118.2
1684901032479000015,117.05,117,116.8,116.5,116.3,118,118.05,118.1,118.15,118.2
1684901473528385410,117.05,117,116.8,116.5,115.65,118,118.05,118.1,118.15,118.2
1684901477670517539,117.05,117,116.8,116.5,116.15,118,118.05,118.1,118.15,118.2
1684901477690986874,117.05,117,116.8,116.5,115.65,118,118.05,118.1,118.15,118.2
1684901486206750764,117.05,117,116.8,116.5,116.3,118,118.05,118.1,118.15,118.2
1684901697812741391,117.05,117,116.8,116.5,115.65,118,118.05,118.1,118.15,118.2
1684901716992586284,117.05,117,116.8,116.5,116.15,118,118.05,118.1,118.15,118.2
1684901779815019850,117.05,117,116.8,116.5,115.65,118,118.05,118.1,118.15,118.2
1684901794486091073,117.05,117,116.8,116.5,116.3,118,118.05,118.1,118.15,118.2
1684901815365835577,117.05,117,116.8,116.5,116.3,118,118.05,118.1,118.15,118.2
1684901816320194762,117.05,117,116.8,116.5,115.65,118,118.05,118.1,118.15,118.2
1684901829847471930,117.05,117,116.8,116.5,116.4,118,118.05,118.1,118.15,118.2
1684901833432680076,117.2,117.05,117,116.8,116.5,118,118.05,118.1,118.15,118.2
1684902084585144864,117.2,117.05,117,116.8,116.55,118,118.05,118.1,118.15,118.2
1684902165754928460,117.2,117.05,117,116.8,116.5,118,118.05,118.1,118.15,118.2
1684902447723232442,117.2,117.05,117,116.8,116.5,118,118.05,118.1,118.15,118.2
1684902451802928973,117.2,117.05,117,116.8,116.5,118,118.05,118.1,118.15,118.2
1684902455902130018,117.2,117.05,117,116.8,116.5,118,118.05,118.1,118.15,118.2
1684902536209631679,117.05,117,116.8,116.5,116.4,118,118.05,118.1,118.15,118.2
1684902536314032016,117.05,117,116.8,116.5,115.65,118,118.05,118.1,118.15,118.2
1684902548146581558,117.05,117,116.8,116.5,116.3,118,118.05,118.1,118.15,118.2
1684902589972554669,117.15,117.05,117,116.8,116.5,118,118.05,118.1,118.15,118.2
1684902699846613985,117.15,117.05,117,116.8,116.55,118,118.05,118.1,118.15,118.2
1684902709164147676,117.15,117.05,117,116.8,116.5,118,118.05,118.1,118.15,118.2
1684903043815174377,117.05,117,116.8,116.5,116.4,118,118.05,118.1,118.15,118.2
1684903060745233759,117.05,117,116.8,116.5,115.65,118,118.05,118.1,118.15,118.2
1684903083783678713,117.15,117.05,117,116.8,116.5,118,118.05,118.1,118.15,118.2
1684903382399399560,117.2,117.15,117.05,117,116.8,118,118.05,118.1,118.15,118.2
1684903594969056423,117.2,117.15,117.05,117,116.8,118,118.05,118.1,118.15,118.2
1684903834578883688,117.2,117.15,117.05,117,116.8,117.95,118,118.05,118.1,118.15
1684903847446707491,117.2,117.15,117.05,117,116.8,117.95,118,118.05,118.1,118.15
1684903901069327042,117.2,117.15,117.05,117,116.8,117.95,118,118.05,118.1,118.15
1684904063082120090,117.2,117.15,117.05,117,116.8,117.95,118,118.05,118.1,118.15
1684904143768640345,117.2,117.15,117.05,117,116.8,117.95,118,118.05,118.1,118.15
1684904279487775454,117.2,117.15,117.05,117,116.8,117.95,118,118.05,118.1,118.15
1684904290275815269,117.2,117.15,117.05,117,116.8,117.95,118,118.05,118.1,118.15
1684904300783313367,0,0,0,0,0,0,0,0,0,0
1684904300783313367,117.15,117.05,117,116.8,116.55,117.95,118,118.05,118.1,118.15
1684904300926609455,117.15,117.05,117,116.8,116.5,117.95,118,118.05,118.1,118.15
1684904371920758128,117.15,117.05,117,116.8,116.55,117.95,118,118.05,118.1,118.15
1684904460483979234,117.15,117.05,117,116.8,116.5,117.95,118,118.05,118.1,118.15
1684904510606529837,117.15,117.05,117,116.8,116.5,117.95,118,118.05,118.1,118.15
1684904634108272808,117.15,117.05,117,116.8,116.55,117.95,118,118.05,118.1,118.15
1684904643975681573,117.15,117.05,117,116.8,116.5,117.95,118,118.05,118.1,118.15
1684904666149652503,117.15,117.05,117,116.8,116.55,117.95,118,118.05,118.1,118.15
1684904717104816471,117.15,117.05,117,116.8,116.5,117.95,118,118.05,118.1,118.15
1684904728381324405,117.15,117.05,117,116.8,116.65,117.95,118,118.05,118.1,118.15
1684904736176192382,117.15,117.05,117,116.8,116.5,117.95,118,118.05,118.1,118.15
1684904742691009371,117.15,117.05,117,116.8,116.55,117.95,118,118.05,118.1,118.15
1684904856849523496,117.25,117.15,117.05,117,116.8,117.95,118,118.05,118.1,118.15
1684905206899525580,117.5,117.25,117.15,117.05,117,117.95,118,118.05,118.1,118.15
1684905349718241009,117.5,117.25,117.15,117.05,117,117.95,118,118.05,118.1,118.15
1684905510794084423,0,0,0,0,0,0,0,0,0,0
1684905510794084423,0,0,0,0,0,0,0,0,0,0
1684905510794120731,117.15,117.05,117,116.8,116.5,117.95,118,118.05,118.1,118.15
1684905527678148840,117.15,117.05,117,116.8,116.55,117.95,118,118.05,118.1,118.15
1684905559408323679,117.15,117.05,117,116.8,116.5,117.95,118,118.05,118.1,118.15
1684905562983073214,117.15,117.05,117,116.8,116.65,117.95,118,118.05,118.1,118.15
1684905623926549341,117.15,117.05,117,116.8,116.5,117.95,118,118.05,118.1,118.15
1684905629476678124,117.15,117.05,117,116.8,116.55,117.95,118,118.05,118.1,118.15
1684905643105279984,117.15,117.05,117,116.8,116.5,117.95,118,118.05,118.1,118.15
1684905654042763341,117.15,117.05,117,116.8,116.55,117.95,118,118.05,118.1,118.15
1684905680096916815,117.15,117.05,117,116.8,116.5,117.95,118,118.05,118.1,118.15
1684905690971969429,117.15,117.05,117,116.8,116.65,117.95,118,118.05,118.1,118.15
1684905691004786405,117.15,117.05,117,116.8,116.5,117.95,118,118.05,118.1,118.15
1684905708171373966,117.15,117.05,117,116.8,116.55,117.95,118,118.05,118.1,118.15
1684905712352403052,117.15,117.05,117,116.8,116.55,117.95,118,118.05,118.1,118.15
1684905752351656910,117.15,117.05,117,116.8,116.55,117.95,118,118.05,118.1,118.15
1684905774412942003,117.15,117.05,117,116.8,116.55,117.95,118,118.05,118.1,118.15
1684905827443764258,117.15,117.05,117,116.8,116.55,117.95,118,118.05,118.1,118.15
1684905832584341570,117.15,117.05,117,116.8,116.65,117.95,118,118.05,118.1,118.15
1684905832676502721,117.15,117.05,117,116.8,116.55,117.95,118,118.05,118.1,118.15
1684905836729513249,117.15,117.05,117,116.8,116.55,117.95,118,118.05,118.1,118.15
1684905920803429346,117.15,117.05,117,116.8,116.55,117.95,118,118.05,118.1,118.15
1684906201511193499,117.15,117.05,117,116.8,116.55,117.95,118,118.05,118.1,118.15
