Timestamp,BidPrice0,BidPrice1,BidPrice2,BidPrice3,BidPrice4,AskPrice0,AskPrice1,AskPrice2,AskPrice3,AskPrice4
1683670519655613262,0,0,0,0,0,0,0,0,0,0
1683679000932403208,118.6,118.1,0,0,0,0,0,0,0,0
1683679121324135746,118.6,118.1,0,0,0,126,0,0,0,0
1683679126343832415,118.6,118.1,0,0,0,126,128,0,0,0
1683679613525206391,118.6,118.1,0,0,0,126,127.5,128,0,0
1683679824996051171,118.6,118.1,0,0,0,126,127.5,128,0,0
1683679910260913153,118.6,118.1,0,0,0,120,126,127.5,128,0
1683680296495694676,118.6,118.1,0,0,0,120,123,126,127.5,128
1683680419699384612,118.6,118.1,0,0,0,120,123,126,127.5,128
1683680435390395645,118.6,118.1,0,0,0,120,123,126,127.5,128
1683680446327964038,118.6,118.1,0,0,0,120,123,126,127.5,128
1683680457073979499,118.6,118.1,0,0,0,120,123,125,126,127.5
1683680479524564578,118.6,118.1,0,0,0,120,122,123,125,126
1683680509135884701,118.6,118.1,0,0,0,120,122,123,125,126
1683680552216528706,118.6,118.1,0,0,0,120,121,122,123,125
1683680593801924027,118.6,118.1,0,0,0,120,121,121.95,122,123
1683680646477295195,118.6,118.1,0,0,0,120,121,121.95,122,123
1683680916533468498,118.6,118.1,115,0,0,120,121,121.95,122,123
1683680920767542426,118.6,118.1,115,0,0,120,121,121.95,122,123
1683680924038225965,118.6,118.1,115,0,0,120,121,121.95,122,123
1683680927094977953,118.6,118.1,115,0,0,120,121,121.95,122,123
1683680930148538699,118.6,118.1,115,0,0,120,121,121.95,122,123
1683680934186242680,118.6,118.1,0,0,0,120,121,121.95,122,123
1683680934237396750,118.6,118.1,0,0,0,120,121,121.95,122,123
1683681185588665423,118.6,118.1,0,0,0,120,121,121.95,122,123
1683681218705316068,118.6,118.1,0,0,0,120,121,121.95,122,123
1683681264515786806,118.6,118.1,0,0,0,120,121,121.95,122,123
1683681356399918004,118.6,118.1,0,0,0,120,121,121.95,122,123
1683681449503622925,118.6,118.1,0,0,0,120,121,121.95,122,123
1683681452900171641,118.6,118.1,0,0,0,120,120.5,121,121.95,122
1683681457234889726,118.6,118.1,0,0,0,120,120.5,121,121.5,121.95
1683681566767936799,118.9,118.6,118.1,0,0,120,120.5,121,121.5,121.95
1683681570158517186,119.1,118.6,118.1,0,0,120,120.5,121,121.5,121.95
1683681570301787207,119.25,118.6,118.1,0,0,120,120.5,121,121.5,121.95
1683681579240530174,119.6,118.6,118.1,0,0,120,120.5,121,121.5,121.95
1683681581106157617,119.45,118.6,118.1,0,0,120,120.5,121,121.5,121.95
1683681581239322184,119.6,118.6,118.1,0,0,120,120.5,121,121.5,121.95
1683681584374000254,119.45,118.6,118.1,0,0,120,120.5,121,121.5,121.95
1683681585257615147,119.6,118.6,118.1,0,0,120,120.5,121,121.5,121.95
1683681594868940459,119.45,118.6,118.1,0,0,120,120.5,121,121.5,121.95
1683681596567804388,120,119.45,118.6,118.1,0,120.5,121,121.5,121.95,122
1683681596618975089,120,119.25,118.6,118.1,0,120.5,121,121.5,121.95,122
1683681597751630333,119.25,118.6,118.1,0,0,120.5,121,121.5,121.95,122
1683681609645619186,119.45,118.6,118.1,0,0,120.5,121,121.5,121.95,122
1683681615040123517,119.45,119.2,118.6,118.1,0,120.5,121,121.5,121.95,122
1683681615050650634,119.45,119.2,118.6,118.2,118.1,120.5,121,121.5,121.95,122
1683681618021288383,119.45,118.6,118.2,118.1,117.2,120.5,121,121.5,121.95,122
1683681622119063695,119.45,119.1,118.6,118.2,118.1,120.5,121,121.5,121.95,122
1683681628351346764,119.25,119.1,118.6,118.2,118.1,120.5,121,121.5,121.95,122
1683681628586920159,119.25,118.6,118.2,118.1,117.2,120.5,121,121.5,121.95,122
1683681630962644116,119.25,119.1,118.6,118.2,118.1,120.5,121,121.5,121.95,122
1683681649998997302,119.25,119.1,118.6,118.2,118.1,120.5,121,121.5,121.95,122
1683681675375274874,119.45,119.1,118.6,118.2,118.1,120.5,121,121.5,121.95,122
1683681678599859266,119.45,118.6,118.2,118.1,117.2,120.5,121,121.5,121.95,122
1683681686809453727,119.45,119.1,118.6,118.2,118.1,120.5,121,121.5,121.95,122
1683681710232833208,119.45,118.6,118.2,118.1,117.2,120.5,121,121.5,121.95,122
1683681714614507041,119.45,119.1,118.6,118.2,118.1,120.5,121,121.5,121.95,122
1683681715518771717,119.45,118.6,118.2,118.1,117.2,120.5,121,121.5,121.95,122
1683681715733789616,119.6,118.6,118.2,118.1,117.2,120.5,121,121.5,121.95,122
1683681718092290602,119.6,119.2,118.6,118.2,118.1,120.5,121,121.5,121.95,122
1683681720931732008,119.6,118.6,118.2,118.1,117.2,120.5,121,121.5,121.95,122
1683681721156974154,119.95,118.6,118.2,118.1,117.2,120.5,121,121.5,121.95,122
1683681724250597555,119.95,119.45,118.6,118.2,118.1,120.5,121,121.5,121.95,122
1683681727151628434,119.95,118.6,118.2,118.1,117.2,120.5,121,121.5,121.95,122
1683681727335919679,119.6,118.6,118.2,118.1,117.2,120.5,121,121.5,121.95,122
1683681729953262871,119.6,119.45,118.6,118.2,118.1,120.5,121,121.5,121.95,122
1683681730722448816,119.6,118.6,118.2,118.1,117.2,120.5,121,121.5,121.95,122
1683681732631181734,119.8,118.6,118.2,118.1,117.2,120.5,121,121.5,121.95,122
1683681732795009645,119.95,118.6,118.2,118.1,117.2,120.5,121,121.5,121.95,122
1683681732907669832,119.95,119.45,118.6,118.2,118.1,120.5,121,121.5,121.95,122
1683681736265308322,119.95,118.6,118.2,118.1,117.2,120.5,121,121.5,121.95,122
1683681739222723290,119.95,119.6,118.6,118.2,118.1,120.5,121,121.5,121.95,122
1683681741870768630,120.15,119.6,118.6,118.2,118.1,120.5,121,121.5,121.95,122
1683681747941249776,120.15,118.6,118.2,118.1,117.2,120.5,121,121.5,121.95,122
1683681748105034276,119.95,118.6,118.2,118.1,117.2,120.5,121,121.5,121.95,122
1683681748227875910,119.8,118.6,118.2,118.1,117.2,120.5,121,121.5,121.95,122
1683681748555668080,119.1,118.6,118.2,118.1,117.2,120.5,121,121.5,121.95,122
1683681749813155865,119.25,118.6,118.2,118.1,117.2,120.5,121,121.5,121.95,122
1683681751076735920,119.25,118.6,118.2,118.1,117.2,120.5,121,121.5,121.95,122
1683681751097173304,119.25,118.6,118.2,118.1,117.2,120.5,121,121.5,121.95,122
1683681751301983056,119.1,118.6,118.2,118.1,117.2,120.5,121,121.5,121.95,122
1683681755184200372,119.1,118.6,118.2,118.1,117.2,120.5,121,121.5,121.95,122
1683681756415989825,119.25,119.1,118.6,118.2,118.1,120.5,121,121.5,121.95,122
1683681756436491930,119.25,118.6,118.2,118.1,117.2,120.5,121,121.5,121.95,122
1683681758828751193,119.45,118.6,118.2,118.1,117.2,120.5,121,121.5,121.95,122
1683681759201367046,119.45,118.6,118.2,118.1,117.2,120.5,121,121.5,121.95,122
1683681761963097206,119.45,118.6,118.2,118.1,117.2,120.5,121,121.5,121.95,122
1683681765288083725,119.45,119.1,118.6,118.2,118.1,120.5,121,121.5,121.95,122
1683681768500439093,119.45,118.6,118.2,118.1,117.2,120.5,121,121.5,121.95,122
1683681770488041871,119.45,118.6,118.2,118.1,117.2,120.5,121,121.5,121.95,122
1683681771992378462,119.45,119.2,118.6,118.2,118.1,120.5,121,121.5,121.95,122
1683681773597898100,119.6,119.2,118.6,118.2,118.1,120.5,121,121.5,121.95,122
1683681775186232681,119.45,119.2,118.6,118.2,118.1,120.5,121,121.5,121.95,122
1683681775401310502,119.45,118.6,118.2,118.1,117.2,120.5,121,121.5,121.95,122
1683681777218920192,119.25,118.6,118.2,118.1,117.2,120.5,121,121.5,121.95,122
1683681778032087116,119.25,119.2,118.6,118.2,118.1,120.5,121,121.5,121.95,122
1683681780504992844,119.25,118.6,118.2,118.1,117.2,120.5,121,121.5,121.95,122
1683681780810141728,119.45,118.6,118.2,118.1,117.2,120.5,121,121.5,121.95,122
1683681782974940648,119.45,119.1,118.6,118.2,118.1,120.5,121,121.5,121.95,122
1683681783026144972,119.45,118.6,118.2,118.1,117.2,120.5,121,121.5,121.95,122
1683681786638859755,119.45,119.1,118.6,118.2,118.1,120.5,121,121.5,121.95,122
1683681787566749289,119.45,118.6,118.2,118.1,117.2,120.5,121,121.5,121.95,122
1683681790406296291,119.45,119.2,118.6,118.2,118.1,120.5,121,121.5,121.95,122
1683681791569510143,119.45,119.2,118.6,118.2,118.1,120.5,121,121.5,121.95,122
1683681791899181331,119.45,118.6,118.2,118.1,117.2,120.5,121,121.5,121.95,122
1683681795290734469,119.45,119.2,118.6,118.2,118.1,120.5,121,121.5,121.95,122
1683681799608097295,119.45,118.6,118.2,118.1,117.2,120.5,121,121.5,121.95,122
1683681800079197438,119.6,118.6,118.2,118.1,117.2,120.5,121,121.5,121.95,122
1683681802204970901,119.6,119.35,118.6,118.2,118.1,120.5,121,121.5,121.95,122
1683681804624800039,119.6,118.6,118.2,118.1,117.2,120.5,121,121.5,121.95,122
1683681807003513496,119.6,119.35,118.6,118.2,118.1,120.5,121,121.5,121.95,122
1683681811199881266,119.8,119.35,118.6,118.2,118.1,120.5,121,121.5,121.95,122
1683681815046147557,119.8,118.6,118.2,118.1,117.2,120.5,121,121.5,121.95,122
1683681818041392295,119.8,119.45,118.6,118.2,118.1,120.5,121,121.5,121.95,122
1683681820945437542,119.95,119.45,118.6,118.2,118.1,120.5,121,121.5,121.95,122
1683681840736722301,119.95,118.6,118.2,118.1,117.2,120.5,121,121.5,121.95,122
1683681843597754124,119.95,119.35,118.6,118.2,118.1,120.5,121,121.5,121.95,122
1683681859013393130,119.95,118.6,118.2,118.1,117.2,120.5,121,121.5,121.95,122
1683681861042966202,119.95,118.6,118.2,118.1,117.2,121,121.5,121.95,122,123
1683681863350067024,119.95,119.35,118.6,118.2,118.1,121,121.5,121.95,122,123
1683681869526055541,120,119.95,119.35,118.6,118.2,121,121.5,121.95,122,123
1683681879507112101,120,119.8,119.35,118.6,118.2,121,121.5,121.95,122,123
1683681879582788094,120,119.6,119.35,118.6,118.2,121,121.5,121.95,122,123
1683681881432236915,120,119.6,118.6,118.2,118.1,121,121.5,121.95,122,123
1683681881684052587,120,119.45,118.6,118.2,118.1,121,121.5,121.95,122,123
1683681882095736977,120,119.1,118.6,118.2,118.1,121,121.5,121.95,122,123
1683681884022982934,120,119.2,119.1,118.6,118.2,121,121.5,121.95,122,123
1683681884835936618,120,119.1,118.6,118.2,118.1,121,121.5,121.95,122,123
1683681884919864505,120,119.25,118.6,118.2,118.1,121,121.5,121.95,122,123
1683681884960905055,120,119.1,118.6,118.2,118.1,121,121.5,121.95,122,123
1683681888181386628,120,119.2,119.1,118.6,118.2,121,121.5,121.95,122,123
1683681890841796412,120,119.25,119.2,118.6,118.2,121,121.5,121.95,122,123
1683681906110975963,120,119.25,118.6,118.2,118.1,121,121.5,121.95,122,123
1683681909354990642,120,119.25,119.1,118.6,118.2,121,121.5,121.95,122,123
1683681909375576997,120,119.25,118.6,118.2,118.1,121,121.5,121.95,122,123
1683681914500761798,120,119.25,118.95,118.6,118.2,121,121.5,121.95,122,123
1683681924179788779,120,119.25,118.95,118.6,118.2,120.5,121,121.5,121.95,122
1683681926783960245,120,119.25,118.6,118.2,118.1,120.5,121,121.5,121.95,122
1683681929421720931,120,119.25,118.95,118.6,118.2,120.5,121,121.5,121.95,122
1683681956013386630,120,119.25,118.95,118.6,118.2,120.5,121,121.5,121.95,122
1683682021020110780,120,119.45,118.95,118.6,118.2,120.5,121,121.5,121.95,122
1683682023035361507,120,119.45,118.6,118.2,118.1,120.5,121,121.5,121.95,122
1683682027086352123,120,119.45,119.1,118.6,118.2,120.5,121,121.5,121.95,122
1683682069568671101,120,119.6,119.1,118.6,118.2,120.5,121,121.5,121.95,122
1683682069986664667,120,119.6,118.6,118.2,118.1,120.5,121,121.5,121.95,122
1683682072967392042,120,119.6,119.35,118.6,118.2,120.5,121,121.5,121.95,122
1683682073114838064,120,119.6,118.6,118.2,118.1,120.5,121,121.5,121.95,122
1683682075369824971,120,119.8,118.6,118.2,118.1,120.5,121,121.5,121.95,122
1683682075953516680,120,119.8,119.35,118.6,118.2,120.5,121,121.5,121.95,122
1683682078854474084,120,119.8,118.6,118.2,118.1,120.5,121,121.5,121.95,122
1683682081117636543,120,119.8,119.45,118.6,118.2,120.5,121,121.5,121.95,122
1683682081375638941,120,119.95,119.45,118.6,118.2,120.5,121,121.5,121.95,122
1683682083378628405,120,119.95,118.6,118.2,118.1,120.5,121,121.5,121.95,122
1683682083562900644,120.15,120,118.6,118.2,118.1,120.5,121,121.5,121.95,122
1683682083677681853,120.35,120,118.6,118.2,118.1,120.5,121,121.5,121.95,122
1683682086519344953,120.35,120,119.75,118.6,118.2,120.5,121,121.5,121.95,122
1683682087363089621,120.35,120,118.6,118.2,118.1,120.5,121,121.5,121.95,122
1683682089152144451,120,118.6,118.2,118.1,117.2,120.5,121,121.5,121.95,122
1683682090277513079,120,119.85,118.6,118.2,118.1,120.5,121,121.5,121.95,122
1683682097332049854,120,118.6,118.2,118.1,117.2,120.5,121,121.5,121.95,122
1683682099278595516,120,118.6,118.2,118.1,117.2,120.4,120.5,121,121.5,121.95
1683682100544258288,120,119.85,118.6,118.2,118.1,120.4,120.5,121,121.5,121.95
1683682101458680083,120,118.6,118.2,118.1,117.2,120.4,120.5,121,121.5,121.95
1683682104278859353,120,119.6,118.6,118.2,118.1,120.4,120.5,121,121.5,121.95
1683682104942502964,120,118.6,118.2,118.1,117.2,120.4,120.5,121,121.5,121.95
1683682108385114104,120,119.75,118.6,118.2,118.1,120.4,120.5,121,121.5,121.95
1683682117276684965,120,118.6,118.2,118.1,117.2,120.4,120.5,121,121.5,121.95
1683682120621044212,120,119.6,118.6,118.2,118.1,120.4,120.5,121,121.5,121.95
1683682121643121286,120,118.6,118.2,118.1,117.2,120.4,120.5,121,121.5,121.95
1683682125626435737,120,119.75,118.6,118.2,118.1,120.4,120.5,121,121.5,121.95
1683682126531775849,120,119.75,118.6,118.2,118.1,120.5,121,121.5,121.95,122
1683682127043865555,120,118.6,118.2,118.1,117.2,120.5,121,121.5,121.95,122
1683682130551994544,120,119.75,118.6,118.2,118.1,120.5,121,121.5,121.95,122
1683682140467620881,120,118.6,118.2,118.1,117.2,120.5,121,121.5,121.95,122
1683682143544808423,120,119.75,118.6,118.2,118.1,120.5,121,121.5,121.95,122
1683682148874943612,120,119.75,118.6,118.2,118.1,121,121.5,121.95,122,122.8
1683682158755521520,120,119.75,119,118.6,118.2,121,121.5,121.95,122,122.8
1683682166044464574,120,119,118.6,118.2,118.1,121,121.5,121.95,122,122.8
1683682170031008408,120,119.6,119,118.6,118.2,121,121.5,121.95,122,122.8
1683682171772887547,120,119,118.6,118.2,118.1,121,121.5,121.95,122,122.8
1683682174102486509,120,119.6,119,118.6,118.2,121,121.5,121.95,122,122.8
1683682179278906493,120,119,118.6,118.2,118.1,121,121.5,121.95,122,122.8
1683682182475895409,120,119.75,119,118.6,118.2,121,121.5,121.95,122,122.8
1683682198223141003,120,119.75,119,118.6,118.2,121,121.5,121.95,122,122.8
1683682208387552307,120,119.75,119,118.6,118.2,121,121.5,121.95,122,122.8
1683682211241486606,120,119,118.6,118.2,118.1,121,121.5,121.95,122,122.8
1683682214932120243,120,119.6,119,118.6,118.2,121,121.5,121.95,122,122.8
1683682232043493276,120,119,118.6,118.2,118.1,121,121.5,121.95,122,122.8
1683682235492310807,120,119.6,119,118.6,118.2,121,121.5,121.95,122,122.8
1683682241146878965,120,119,118.6,118.2,118.1,121,121.5,121.95,122,122.8
1683682244228223981,120,119.75,119,118.6,118.2,121,121.5,121.95,122,122.8
1683682251252932321,120,119,118.6,118.2,118.1,121,121.5,121.95,122,122.8
1683682254007651898,120,119.6,119,118.6,118.2,121,121.5,121.95,122,122.8
1683682259787067815,120,119,118.6,118.2,118.1,121,121.5,121.95,122,122.8
1683682263843324914,120,119.75,119,118.6,118.2,121,121.5,121.95,122,122.8
1683682319760774309,120,119,118.6,118.2,118.1,121,121.5,121.95,122,122.8
1683682322090502291,120,119.6,119,118.6,118.2,121,121.5,121.95,122,122.8
1683682344625011990,120,119.6,119,118.6,118.2,121,121.5,121.95,122,122.8
1683682359004253076,120.4,120,119.6,119,118.6,121,121.5,121.95,122,122.8
1683682368572560587,120.4,120,119,118.6,118.2,121,121.5,121.95,122,122.8
1683682371487013175,120.4,120,119.75,119,118.6,121,121.5,121.95,122,122.8
1683682373490003457,120.4,120,119,118.6,118.2,121,121.5,121.95,122,122.8
1683682375938364058,120.4,120,119.75,119,118.6,121,121.5,121.95,122,122.8
1683682385153430906,120.4,120,119,118.6,118.2,121,121.5,121.95,122,122.8
1683682387985013473,120.4,120,119,118.6,118.2,121,121.5,121.95,122,122.8
1683682391775730608,120.4,120,119,118.6,118.2,120.95,121,121.5,121.95,122
1683682393821884226,120.4,120,119,118.6,118.2,120.95,121,121.5,121.95,122
1683682408007550171,120.4,120,119,118.6,118.2,120.95,121,121.5,121.95,122
1683682411684733108,120.4,120,119,118.6,118.2,120.95,121,121.5,121.95,122
1683682412358494465,120.4,120,119,118.6,118.2,120.95,121,121.5,121.95,122
1683682415267840945,120.4,120,119.85,119,118.6,120.95,121,121.5,121.95,122
1683682417391553311,120.4,120,119.85,119,118.6,120.95,121,121.5,121.95,122
1683682421942317686,120.4,120,119,118.6,118.2,120.95,121,121.5,121.95,122
1683682426175728704,120.4,120,119,118.6,118.2,120.95,121,121.5,121.95,122
1683682426980478020,120.4,120,119,118.6,118.2,120.95,121,121.5,121.95,122
1683682430204210536,120.4,120,119.85,119,118.6,120.95,121,121.5,121.95,122
1683682431404281478,120.4,120,119,118.6,118.2,120.95,121,121.5,121.95,122
1683682434868453364,120.4,120,119.85,119,118.6,120.95,121,121.5,121.95,122
1683682436615508159,120.4,120,119,118.6,118.2,120.95,121,121.5,121.95,122
1683682439064877012,120.4,120,119,118.6,118.2,120.95,121,121.5,121.95,122
1683682440021398583,120.4,120,119,118.6,118.2,120.95,121,121.5,121.95,122
1683682443080285978,120.4,120,119.85,119,118.6,120.95,121,121.5,121.95,122
1683682454967905897,120.4,120,119,118.6,118.2,120.95,121,121.5,121.95,122
1683682458007254545,120.4,120,119.75,119,118.6,120.95,121,121.5,121.95,122
1683682460231332411,120.4,120,119,118.6,118.2,120.95,121,121.5,121.95,122
1683682463068933888,120.4,120,119.6,119,118.6,120.95,121,121.5,121.95,122
1683682492768505653,120.4,120,119.6,119,118.6,120.95,121,121.5,121.95,122
1683682510333627539,120.4,120,119,118.6,118.2,120.95,121,121.5,121.95,122
1683682513690149325,120.4,120,119,118.6,118.2,120.9,120.95,121,121.5,121.95
1683682513720940019,120.4,120,119.75,119,118.6,120.9,120.95,121,121.5,121.95
1683682514005532744,120.4,120,119.75,119,118.6,120.9,120.95,121,121.5,121.95
1683682520949494048,120.4,120,119.75,119,118.6,120.9,120.95,121,121.5,121.95
1683682522039979516,120.4,120,119,118.6,118.2,120.9,120.95,121,121.5,121.95
1683682525690663795,120.4,120,119.75,119,118.6,120.9,120.95,121,121.5,121.95
1683682542367821934,120.4,120,119,118.6,118.2,120.9,120.95,121,121.5,121.95
1683682543215749934,120.4,120,119,118.8,118.6,120.9,120.95,121,121.5,121.95
1683682545336479307,120.4,120,119.85,119,118.8,120.9,120.95,121,121.5,121.95
1683682548544752604,120.4,120,119,118.8,118.6,120.9,120.95,121,121.5,121.95
1683682551055711470,120.4,120,119.85,119,118.8,120.9,120.95,121,121.5,121.95
1683682552068362843,120.4,120,119,118.8,118.6,120.9,120.95,121,121.5,121.95
1683682554969390130,120.4,120,119.75,119,118.8,120.9,120.95,121,121.5,121.95
1683682556936544833,120.4,120,119,118.8,118.6,120.9,120.95,121,121.5,121.95
1683682558953752338,120.4,120,119,118.95,118.6,120.9,120.95,121,121.5,121.95
1683682559918441154,120.4,120,119.85,119,118.95,120.9,120.95,121,121.5,121.95
1683682567195056995,120.4,119.85,119,118.95,118.6,120.9,120.95,121,121.5,121.95
1683682568464888731,120.4,119.85,119,118.8,118.6,120.9,120.95,121,121.5,121.95
1683682569799215066,120.4,119.85,119,118.6,118.2,120.9,120.95,121,121.5,121.95
1683682592488363779,120.4,119,118.6,118.2,118.1,120.9,120.95,121,121.5,121.95
1683682592859120911,120.4,119,118.6,118.45,118.2,120.9,120.95,121,121.5,121.95
1683682595974083733,120.4,119.6,119,118.6,118.45,120.9,120.95,121,121.5,121.95
1683682598071368213,120.4,119.6,119,118.6,118.2,120.9,120.95,121,121.5,121.95
1683682606223570305,120.4,119,118.6,118.2,118.1,120.9,120.95,121,121.5,121.95
1683682610683065674,120.4,119.75,119,118.6,118.2,120.9,120.95,121,121.5,121.95
1683682628619822037,120.4,119.75,119,118.8,118.6,120.9,120.95,121,121.5,121.95
1683682639151821406,120.4,119,118.8,118.6,118.2,120.9,120.95,121,121.5,121.95
1683682642008778513,120.4,119.85,119,118.8,118.6,120.9,120.95,121,121.5,121.95
1683682672501028909,120.4,119,118.8,118.6,118.2,120.9,120.95,121,121.5,121.95
1683682677157223128,120.4,119.75,119,118.8,118.6,120.9,120.95,121,121.5,121.95
1683682705513253481,120.4,119,118.8,118.6,118.2,120.9,120.95,121,121.5,121.95
1683682708614010297,120.4,119.85,119,118.8,118.6,120.9,120.95,121,121.5,121.95
1683682769745744612,120.4,119,118.8,118.6,118.2,120.9,120.95,121,121.5,121.95
1683682770600756643,120.4,119,118.6,118.2,118.1,120.9,120.95,121,121.5,121.95
1683682772034428051,120.4,119.75,119,118.6,118.2,120.9,120.95,121,121.5,121.95
1683682772542294364,120.4,119,118.6,118.2,118.1,120.9,120.95,121,121.5,121.95
1683682775370698918,120.4,119.6,119,118.6,118.2,120.9,120.95,121,121.5,121.95
1683682777656328622,120.4,119,118.6,118.2,118.1,120.9,120.95,121,121.5,121.95
1683682778801192282,120.4,119,118.6,118.45,118.2,120.9,120.95,121,121.5,121.95
1683682781563914717,120.4,119.75,119,118.6,118.45,120.9,120.95,121,121.5,121.95
1683682786671807417,120.4,119.75,119,118.6,118.2,120.9,120.95,121,121.5,121.95
1683682847242369377,120.4,119,118.6,118.2,118.1,120.9,120.95,121,121.5,121.95
1683682847498429961,120.4,119,118.6,118.45,118.2,120.9,120.95,121,121.5,121.95
1683682849026386403,120.4,119,118.6,118.2,118.1,120.9,120.95,121,121.5,121.95
1683682851997960628,120.4,119.45,119,118.6,118.2,120.9,120.95,121,121.5,121.95
1683682860379492752,120.4,119,118.6,118.2,118.1,120.9,120.95,121,121.5,121.95
1683682860760424503,120.4,119,118.6,118.2,118.1,120.9,120.95,121,121.5,121.95
1683682862269830323,120.4,119,118.6,118.2,118.1,120.9,120.95,121,121.5,121.95
1683682863523246371,120.4,119.35,119,118.6,118.2,120.9,120.95,121,121.5,121.95
1683682863556012946,120.4,119,118.6,118.2,118.1,120.9,120.95,121,121.5,121.95
1683682865918426103,120.4,119.2,119,118.6,118.2,120.9,120.95,121,121.5,121.95
1683682866917915614,120.4,119,118.6,118.2,118.1,120.9,120.95,121,121.5,121.95
1683682870313454981,120.4,119,118.95,118.6,118.2,120.9,120.95,121,121.5,121.95
1683682878313143332,120.4,119,118.6,118.2,118.1,120.9,120.95,121,121.5,121.95
1683682881558288519,120.4,119,118.95,118.6,118.2,120.9,120.95,121,121.5,121.95
1683682885107456909,120.4,119,118.6,118.2,118.1,120.9,120.95,121,121.5,121.95
1683682888359797026,120.4,119,118.95,118.6,118.2,120.9,120.95,121,121.5,121.95
1683682903739478459,120.4,119,118.6,118.2,118.1,120.9,120.95,121,121.5,121.95
1683682909058256061,120.4,119,118.85,118.6,118.2,120.9,120.95,121,121.5,121.95
1683682909224132761,120.4,119,118.6,118.2,118.1,120.9,120.95,121,121.5,121.95
1683682912544071154,120.4,119,118.95,118.6,118.2,120.9,120.95,121,121.5,121.95
1683682914856285765,120.4,119,118.6,118.2,118.1,120.9,120.95,121,121.5,121.95
1683682917722492955,120.4,119,118.85,118.6,118.2,120.9,120.95,121,121.5,121.95
1683682926998971581,120.4,119,118.6,118.2,118.1,120.9,120.95,121,121.5,121.95
1683682929893878620,120.4,119,118.7,118.6,118.2,120.9,120.95,121,121.5,121.95
1683682941178619867,120.4,119,118.6,118.2,118.1,120.9,120.95,121,121.5,121.95
1683682944356099731,120.4,119,118.7,118.6,118.2,120.9,120.95,121,121.5,121.95
1683682981499320373,120.4,119,118.6,118.2,118.1,120.9,120.95,121,121.5,121.95
1683682984557116221,120.4,119,118.85,118.6,118.2,120.9,120.95,121,121.5,121.95
1683682989549002881,120.4,119,118.6,118.2,118.1,120.9,120.95,121,121.5,121.95
1683682993240590864,120.4,119,118.85,118.6,118.2,120.9,120.95,121,121.5,121.95
1683683006718792367,120.4,119,118.6,118.2,118.1,120.9,120.95,121,121.5,121.95
1683683009145732723,120.4,119,118.7,118.6,118.2,120.9,120.95,121,121.5,121.95
1683683015292841645,120.4,119,118.6,118.2,118.1,120.9,120.95,121,121.5,121.95
1683683018214374256,120.4,119,118.7,118.6,118.2,120.9,120.95,121,121.5,121.95
1683683019196505373,120.4,119,118.6,118.2,118.1,120.9,120.95,121,121.5,121.95
1683683022782588744,120.4,119,118.7,118.6,118.2,120.9,120.95,121,121.5,121.95
1683683036479742763,120.4,119,118.6,118.2,118.1,120.9,120.95,121,121.5,121.95
1683683039607147902,120.4,119,118.6,118.3,118.2,120.9,120.95,121,121.5,121.95
1683683040424412055,120.4,119,118.6,118.3,118.2,120.5,120.9,120.95,121,121.5
1683683042335180095,120.4,119,118.6,118.3,118.2,120.5,120.9,120.95,121,121.5
1683683046530570546,120.4,119,118.6,118.2,118.1,120.5,120.9,120.95,121,121.5
1683683048953420331,120.4,119,118.6,118.1,116.7,120.5,120.9,120.95,121,121.5
1683683048984017952,120.4,119,118.6,118.2,118.1,120.5,120.9,120.95,121,121.5
1683683050435131819,120.4,119,118.6,118.1,116.7,120.5,120.9,120.95,121,121.5
1683683052610159418,120.4,119,118.6,118.1,116.5,120.5,120.9,120.95,121,121.5
1683683053034016136,120.4,119,118.6,118.2,118.1,120.5,120.9,120.95,121,121.5
1683683057031125292,120.4,119,118.6,118.2,118.1,120.5,120.9,120.95,121,121.5
1683683065326366472,120.4,119,118.6,118.2,118.1,120.5,120.9,120.95,121,121.5
1683683072320478254,120.4,119,118.6,118.1,117.2,120.5,120.9,120.95,121,121.5
1683683075379168600,120.4,119,118.6,118.2,118.1,120.5,120.9,120.95,121,121.5
1683683075532699799,120.4,119,118.6,118.2,118.1,120.5,120.9,120.95,121,121.5
1683683084084304601,120.4,119,118.6,118.1,117.2,120.5,120.9,120.95,121,121.5
1683683085732969861,120.4,119,118.6,118.1,117.2,120.5,120.9,120.95,121,121.5
1683683086965955046,120.4,119,118.6,118.2,118.1,120.5,120.9,120.95,121,121.5
1683683094106388641,120.4,119,118.6,118.1,117.2,120.5,120.9,120.95,121,121.5
1683683096992023467,120.4,119,118.6,118.3,118.1,120.5,120.9,120.95,121,121.5
1683683105344997718,119,118.6,118.3,118.1,117.2,120.5,120.9,120.95,121,121.5
1683683110146629972,119,118.6,118.1,117.2,116.7,120.5,120.9,120.95,121,121.5
1683683110322717514,119,118.6,118.1,117.2,116.5,120.5,120.9,120.95,121,121.5
1683683113119286795,119,118.6,118.2,118.1,117.2,120.5,120.9,120.95,121,121.5
1683683118416543643,119,118.6,118.1,117.2,116.5,120.5,120.9,120.95,121,121.5
1683683118666476281,119,118.6,118.1,117.2,116.3,120.5,120.9,120.95,121,121.5
1683683118789319428,119,118.6,118.1,117.2,116.2,120.5,120.9,120.95,121,121.5
1683683121697530635,119,118.6,118.1,117.95,117.2,120.5,120.9,120.95,121,121.5
1683683123723019580,119,118.6,118.1,117.2,116.2,120.5,120.9,120.95,121,121.5
1683683126188809270,119,118.6,118.1,117.7,117.2,120.5,120.9,120.95,121,121.5
1683683128611694981,119,118.6,118.1,117.2,116.2,120.5,120.9,120.95,121,121.5
1683683131191143343,119,118.6,118.1,117.7,117.2,120.5,120.9,120.95,121,121.5
1683683132450719006,119,118.6,118.1,117.2,116.2,120.5,120.9,120.95,121,121.5
1683683134986195754,119,118.6,118.1,117.8,117.2,120.5,120.9,120.95,121,121.5
1683683135039404342,119,118.6,118.1,117.2,116.2,120.5,120.9,120.95,121,121.5
1683683138005129159,119,118.6,118.1,117.7,117.2,120.5,120.9,120.95,121,121.5
1683683152181476431,119,118.6,118.1,117.2,116.2,120.5,120.9,120.95,121,121.5
1683683155490003543,119,118.6,118.1,117.45,117.2,120.5,120.9,120.95,121,121.5
1683683156929832088,119,118.6,118.1,117.2,116.2,120.5,120.9,120.95,121,121.5
1683683160999254532,119,118.6,118.1,117.55,117.2,120.5,120.9,120.95,121,121.5
1683683163106658095,119,118.6,118.1,117.2,116.2,120.5,120.9,120.95,121,121.5
1683683166090716335,119,118.6,118.1,117.7,117.2,120.5,120.9,120.95,121,121.5
1683683167286736161,119,118.6,118.1,117.2,116.2,120.5,120.9,120.95,121,121.5
1683683170010665118,119,118.6,118.1,117.7,117.2,120.5,120.9,120.95,121,121.5
1683683174135402644,119,118.6,118.1,117.2,116.2,120.5,120.9,120.95,121,121.5
1683683178169974680,119,118.6,118.1,117.55,117.2,120.5,120.9,120.95,121,121.5
1683683181328120517,119,118.6,118.1,117.2,116.2,120.5,120.9,120.95,121,121.5
1683683184397087186,119,118.6,118.1,117.45,117.2,120.5,120.9,120.95,121,121.5
1683683187478416588,119,118.6,118.1,117.2,116.2,120.5,120.9,120.95,121,121.5
1683683190434732929,119,118.6,118.1,117.55,117.2,120.5,120.9,120.95,121,121.5
1683683195459490955,119,118.6,118.1,117.2,116.2,120.5,120.9,120.95,121,121.5
1683683197975614604,119,118.6,118.1,117.8,117.2,120.5,120.9,120.95,121,121.5
1683683199510540719,119,118.6,118.1,117.2,116.2,120.5,120.9,120.95,121,121.5
1683683202240592292,119,118.6,118.1,117.55,117.2,120.5,120.9,120.95,121,121.5
1683683207991589266,119,118.6,118.1,117.2,116.2,120.5,120.9,120.95,121,121.5
1683683211131226019,119,118.6,118.1,117.7,117.2,120.5,120.9,120.95,121,121.5
1683683211913465957,119,118.6,118.1,117.2,116.2,120.5,120.9,120.95,121,121.5
1683683215017251805,119,118.6,118.1,117.55,117.2,120.5,120.9,120.95,121,121.5
1683683215050185272,119,118.6,118.1,117.2,116.2,120.5,120.9,120.95,121,121.5
1683683219089777734,119,118.6,118.1,117.7,117.2,120.5,120.9,120.95,121,121.5
1683683230658023328,119,118.6,118.1,117.2,116.2,120.5,120.9,120.95,121,121.5
1683683232927326422,119,118.6,118.1,117.55,117.2,120.5,120.9,120.95,121,121.5
1683683240156899464,119,118.6,118.1,117.2,116.2,120.5,120.9,120.95,121,121.5
1683683243630262501,119,118.6,118.1,117.7,117.2,120.5,120.9,120.95,121,121.5
1683683248266116537,119,118.6,118.1,117.2,116.2,120.5,120.9,120.95,121,121.5
1683683250999121774,119,118.6,118.1,117.8,117.2,120.5,120.9,120.95,121,121.5
1683683253723131481,119,118.6,118.1,117.2,116.2,120.5,120.9,120.95,121,121.5
1683683256120382728,119,118.6,118.1,117.7,117.2,120.5,120.9,120.95,121,121.5
1683683276401993905,119,118.6,118.1,117.2,116.2,120.5,120.9,120.95,121,121.5
1683683279010095285,119,118.6,118.1,117.8,117.2,120.5,120.9,120.95,121,121.5
1683683288638007455,119,118.6,118.1,117.2,116.2,120.5,120.9,120.95,121,121.5
1683683291004464089,119,118.6,118.1,117.7,117.2,120.5,120.9,120.95,121,121.5
1683683294537234551,119,118.6,118.1,117.2,116.2,120.5,120.9,120.95,121,121.5
1683683297044046645,119,118.6,118.1,117.45,117.2,120.5,120.9,120.95,121,121.5
1683683321167816975,119,118.6,118.1,117.2,116.2,120.5,120.9,120.95,121,121.5
1683683324389511172,119,118.6,118.1,117.55,117.2,120.5,120.9,120.95,121,121.5
1683683332706529410,119,118.6,118.1,117.2,116.2,120.5,120.9,120.95,121,121.5
1683683336459571947,119,118.6,118.1,117.7,117.2,120.5,120.9,120.95,121,121.5
1683683342518609792,119,118.6,118.1,117.2,116.2,120.5,120.9,120.95,121,121.5
1683683345361350674,119,118.6,118.1,117.55,117.2,120.5,120.9,120.95,121,121.5
1683683348654537920,119,118.6,118.1,117.2,116.2,120.5,120.9,120.95,121,121.5
1683683351030299325,119,118.6,118.1,117.3,117.2,120.5,120.9,120.95,121,121.5
1683683356340877228,119,118.6,118.1,117.2,116.2,120.5,120.9,120.95,121,121.5
1683683359597166913,119,118.6,118.1,117.2,116.8,120.5,120.9,120.95,121,121.5
1683683361100474729,119,118.6,118.1,117.2,116.2,120.5,120.9,120.95,121,121.5
1683683364130502382,119,118.6,118.1,117.2,117.05,120.5,120.9,120.95,121,121.5
1683683365594960391,119,118.6,118.1,117.2,116.2,120.5,120.9,120.95,121,121.5
1683683367927581664,119,118.6,118.1,117.2,117.05,120.5,120.9,120.95,121,121.5
1683683370348398237,119,118.6,118.1,117.2,116.2,120.5,120.9,120.95,121,121.5
1683683373205377984,119,118.6,118.1,117.2,116.9,120.5,120.9,120.95,121,121.5
1683683395755334212,119,118.6,118.1,117.2,116.2,120.5,120.9,120.95,121,121.5
1683683398198536407,119,118.6,118.1,117.2,116.9,120.5,120.9,120.95,121,121.5
1683683401469267017,119,118.6,118.1,117.2,116.2,120.5,120.9,120.95,121,121.5
1683683403989344206,119,118.6,118.1,117.2,117.05,120.5,120.9,120.95,121,121.5
1683683413970585911,119,118.6,118.1,117.2,117.05,120,120.5,120.9,120.95,121
1683683414816323416,119,118.6,118.1,117.2,116.2,120,120.5,120.9,120.95,121
1683683417016949516,119,118.6,118.1,117.2,114.9,120,120.5,120.9,120.95,121
1683683417016949516,119,118.6,118.1,114.9,0,120,120.5,120.9,120.95,121
1683683417027256730,119,118.6,118.1,117.2,114.9,120,120.5,120.9,120.95,121
1683683417236133098,119,118.6,118.1,117.2,115.1,120,120.5,120.9,120.95,121
1683683419938520583,119,118.6,118.1,115.1,0,120,120.5,120.9,120.95,121
1683683420259983000,119,118.6,118.1,114.9,0,120,120.5,120.9,120.95,121
1683683420868351857,119,118.6,118.1,115.1,0,120,120.5,120.9,120.95,121
1683683420919530183,119,118.6,118.1,116.05,115.1,120,120.5,120.9,120.95,121
1683683423393457529,119,118.6,118.1,117.2,116.05,120,120.5,120.9,120.95,121
1683683423733626078,119,118.6,118.1,116.05,115.1,120,120.5,120.9,120.95,121
1683683423907534629,119,118.6,118.1,116.05,115.05,120,120.5,120.9,120.95,121
1683683426133755327,119,118.6,118.1,117.05,116.05,120,120.5,120.9,120.95,121
1683683426164418141,119,118.6,118.1,116.05,115.05,120,120.5,120.9,120.95,121
1683683428963117708,119,118.6,118.1,116.9,116.05,120,120.5,120.9,120.95,121
1683683430478714027,119,118.6,118.1,116.05,115.05,120,120.5,120.9,120.95,121
1683683433010219885,119,118.6,118.1,116.9,116.05,120,120.5,120.9,120.95,121
1683683444686972095,119,118.6,118.1,116.05,115.05,120,120.5,120.9,120.95,121
1683683447122097995,119,118.6,118.1,116.9,116.05,120,120.5,120.9,120.95,121
1683683449167954170,119,118.6,118.1,116.05,115.05,120,120.5,120.9,120.95,121
1683683452082340346,119,118.6,118.1,116.65,116.05,120,120.5,120.9,120.95,121
1683683452518661668,119,118.6,118.1,116.05,115.05,120,120.5,120.9,120.95,121
1683683455050989940,119,118.6,118.1,116.65,116.05,120,120.5,120.9,120.95,121
1683683456392443910,119,118.6,118.1,116.05,115.05,120,120.5,120.9,120.95,121
1683683459247376493,119,118.6,118.1,116.8,116.05,120,120.5,120.9,120.95,121
1683683460498928127,119,118.6,118.1,116.05,115.05,120,120.5,120.9,120.95,121
1683683463320955865,119,118.6,118.1,116.65,116.05,120,120.5,120.9,120.95,121
1683683468487094678,119,118.6,118.1,116.05,115.05,120,120.5,120.9,120.95,121
1683683470954958539,119,118.6,118.1,116.55,116.05,120,120.5,120.9,120.95,121
1683683475124894395,119,118.6,118.1,116.05,115.05,120,120.5,120.9,120.95,121
1683683478712979546,119,118.6,118.1,116.65,116.05,120,120.5,120.9,120.95,121
1683683480362661632,119,118.6,118.1,116.05,115.05,120,120.5,120.9,120.95,121
1683683482947320112,119,118.6,118.1,116.55,116.05,120,120.5,120.9,120.95,121
1683683501206498473,119,118.6,118.1,116.05,115.05,120,120.5,120.9,120.95,121
1683683504403626099,119,118.6,118.1,116.65,116.05,120,120.5,120.9,120.95,121
1683683508246629168,119,118.6,118.1,116.05,115.05,120,120.5,120.9,120.95,121
1683683510907011812,119,118.6,118.1,116.65,116.05,120,120.5,120.9,120.95,121
1683683526984072733,119,118.6,118.1,116.05,115.05,120,120.5,120.9,120.95,121
1683683530074214777,119,118.6,118.1,116.8,116.05,120,120.5,120.9,120.95,121
1683683534011890909,119,118.6,118.1,116.05,115.05,120,120.5,120.9,120.95,121
1683683536897646345,119,118.6,118.1,116.9,116.05,120,120.5,120.9,120.95,121
1683683543567099304,119,118.6,118.1,116.05,115.05,120,120.5,120.9,120.95,121
1683683546167122242,119,118.6,118.1,117.2,116.05,120,120.5,120.9,120.95,121
1683683550577536854,119,118.6,118.1,116.05,115.05,120,120.5,120.9,120.95,121
1683683553254324440,119,118.6,118.1,117.05,116.05,120,120.5,120.9,120.95,121
1683683554180056246,119,118.6,118.1,116.05,115.05,120,120.5,120.9,120.95,121
1683683557004225173,119,118.6,118.1,116.55,116.05,120,120.5,120.9,120.95,121
1683683561563106043,119,118.6,118.1,116.05,115.05,120,120.5,120.9,120.95,121
1683683564246059386,119,118.6,118.1,116.4,116.05,120,120.5,120.9,120.95,121
1683683564368933441,119,118.6,118.1,116.05,115.05,120,120.5,120.9,120.95,121
1683683566721058914,118.6,118.1,116.05,115.05,113.5,120,120.5,120.9,120.95,121
1683683566968901707,118.6,118.1,116.05,113.5,0,120,120.5,120.9,120.95,121
1683683566968901707,118.6,118.1,113.5,0,0,120,120.5,120.9,120.95,121
1683683566991516520,118.6,118.1,116.05,113.5,0,120,120.5,120.9,120.95,121
1683683567321238695,118.6,118.1,113.5,0,0,120,120.5,120.9,120.95,121
1683683567618169388,118.6,118.1,113.7,0,0,120,120.5,120.9,120.95,121
1683683567740962061,118.6,118.1,114.05,0,0,120,120.5,120.9,120.95,121
1683683570860142759,118.6,118.1,116.3,114.05,0,120,120.5,120.9,120.95,121
1683683571130469970,118.6,118.1,116.3,115.3,114.05,120,120.5,120.9,120.95,121
1683683571140763468,118.6,118.1,116.3,115.3,114.3,120,120.5,120.9,120.95,121
1683683573113027611,118.6,118.1,115.3,114.3,114.05,120,120.5,120.9,120.95,121
1683683573969041891,118.6,118.1,115.3,114.3,113.7,120,120.5,120.9,120.95,121
1683683576172849935,118.6,118.1,116.3,115.3,114.3,120,120.5,120.9,120.95,121
1683683582197059958,118.6,118.1,115.3,114.3,113.7,120,120.5,120.9,120.95,121
1683683584361927464,118.6,118.1,115.3,114.3,113.85,120,120.5,120.9,120.95,121
1683683585548779323,118.6,118.1,116.4,115.3,114.3,120,120.5,120.9,120.95,121
1683683592498699250,118.6,118.1,115.3,114.3,113.85,120,120.5,120.9,120.95,121
1683683595225888673,118.6,118.1,116.3,115.3,114.3,120,120.5,120.9,120.95,121
1683683602178780992,118.6,118.1,116.3,115.3,114.3,119.9,120,120.5,120.9,120.95
1683683621272606001,118.6,118.1,115.3,114.3,113.85,119.9,120,120.5,120.9,120.95
1683683624723556648,118.6,118.1,116.3,115.3,114.3,119.9,120,120.5,120.9,120.95
1683683638187294470,118.6,118.1,115.3,114.3,113.85,119.9,120,120.5,120.9,120.95
1683683638414558814,118.6,118.1,115.3,114.3,114.05,119.9,120,120.5,120.9,120.95
1683683642595671985,118.6,118.1,116.3,115.3,114.3,119.9,120,120.5,120.9,120.95
1683683650310713665,118.6,118.1,116.3,115.3,114.3,119.9,120,120.5,120.9,120.95
1683683650804136664,118.6,118.1,115.3,114.3,114.05,119.9,120,120.5,120.9,120.95
1683683651850689399,118.6,118.1,115.3,114.3,114.05,119.9,120,120.5,120.9,120.95
1683683653153289674,118.6,118.1,116.55,115.3,114.3,119.9,120,120.5,120.9,120.95
1683683668613911985,118.6,118.1,115.3,114.3,114.2,119.9,120,120.5,120.9,120.95
1683683671033807746,118.6,118.1,116.65,115.3,114.3,119.9,120,120.5,120.9,120.95
1683683671977759292,118.6,118.1,116.65,115.3,114.4,119.9,120,120.5,120.9,120.95
1683683684550649506,118.6,118.1,115.3,114.4,114.3,119.9,120,120.5,120.9,120.95
1683683684788316533,118.6,118.1,115.3,114.3,114.2,119.9,120,120.5,120.9,120.95
1683683687260223613,118.6,118.1,116.55,115.3,114.3,119.9,120,120.5,120.9,120.95
1683683695704337618,118.6,118.1,115.3,114.3,114.2,119.9,120,120.5,120.9,120.95
1683683697972547004,118.6,118.1,116.55,115.3,114.3,119.9,120,120.5,120.9,120.95
1683683698224401339,118.6,118.1,116.55,115.3,114.4,119.9,120,120.5,120.9,120.95
1683683698674926119,118.6,118.1,116.55,115.3,114.3,119.9,120,120.5,120.9,120.95
1683683698869524718,118.6,118.1,115.3,114.3,114.2,119.9,120,120.5,120.9,120.95
1683683699211543111,118.6,118.1,115.3,114.4,114.3,119.9,120,120.5,120.9,120.95
1683683701190986063,118.6,118.1,116.9,115.3,114.4,119.9,120,120.5,120.9,120.95
1683683714206283203,118.6,118.1,116.9,115.3,114.55,119.9,120,120.5,120.9,120.95
1683683737948088817,118.6,118.1,116.9,115.3,114.75,119.9,120,120.5,120.9,120.95
1683683740714920783,118.6,118.1,115.3,114.75,114.3,119.9,120,120.5,120.9,120.95
1683683745348601237,118.6,118.1,117.05,115.3,114.75,119.9,120,120.5,120.9,120.95
1683683749107917706,118.6,118.1,115.3,114.75,114.3,119.9,120,120.5,120.9,120.95
1683683749353607106,118.6,118.1,115.3,114.55,114.3,119.9,120,120.5,120.9,120.95
1683683751987415069,118.6,118.1,117.05,115.3,114.55,119.9,120,120.5,120.9,120.95
1683683752976544182,118.6,118.1,115.3,114.55,114.3,119.9,120,120.5,120.9,120.95
1683683756151044519,118.6,118.1,117.05,115.3,114.55,119.9,120,120.5,120.9,120.95
1683683760007478602,118.6,118.1,115.3,114.55,114.3,119.9,120,120.5,120.9,120.95
1683683763047768217,118.6,118.1,117.05,115.3,114.55,119.9,120,120.5,120.9,120.95
1683683769974320231,118.6,118.1,115.3,114.55,114.3,119.9,120,120.5,120.9,120.95
1683683771072063955,118.6,118.1,115.3,114.4,114.3,119.9,120,120.5,120.9,120.95
1683683771184592395,118.6,118.1,115.3,114.55,114.3,119.9,120,120.5,120.9,120.95
1683683773232660180,118.6,118.1,116.8,115.3,114.55,119.9,120,120.5,120.9,120.95
1683683801288633625,118.6,118.1,115.3,114.55,114.3,119.9,120,120.5,120.9,120.95
1683683805240347329,118.6,118.1,116.9,115.3,114.55,119.9,120,120.5,120.9,120.95
1683683811562762222,118.6,118.1,116.9,115.3,114.75,119.9,120,120.5,120.9,120.95
1683683812764794393,118.6,118.1,115.3,114.75,114.3,119.9,120,120.5,120.9,120.95
1683683814980821667,118.6,118.1,117.05,115.3,114.75,119.9,120,120.5,120.9,120.95
1683683819220277161,118.6,118.1,115.3,114.75,114.3,119.9,120,120.5,120.9,120.95
1683683819414831908,118.6,118.1,115.3,115.1,114.3,119.9,120,120.5,120.9,120.95
1683683822200278946,118.6,118.1,117.2,115.3,115.1,119.9,120,120.5,120.9,120.95
1683683840230042846,118.6,118.1,115.3,115.1,114.3,119.9,120,120.5,120.9,120.95
1683683843039852288,118.6,118.1,117.3,115.3,115.1,119.9,120,120.5,120.9,120.95
1683683845017340508,118.6,118.1,117.3,115.3,115.25,119.9,120,120.5,120.9,120.95
1683683850717035176,118.6,118.1,117.3,115.45,115.3,119.9,120,120.5,120.9,120.95
1683683854854048868,118.6,118.1,115.45,115.3,114.3,119.9,120,120.5,120.9,120.95
1683683857133493789,118.6,118.1,117.45,115.45,115.3,119.9,120,120.5,120.9,120.95
1683683866406995661,118.6,118.1,115.45,115.3,114.3,119.9,120,120.5,120.9,120.95
1683683866695741526,118.6,118.1,115.3,115.1,114.3,119.9,120,120.5,120.9,120.95
1683683869394113206,118.6,118.1,117.3,115.3,115.1,119.9,120,120.5,120.9,120.95
1683683873477818925,118.6,118.1,115.3,115.1,114.3,119.9,120,120.5,120.9,120.95
1683683878391127140,118.6,118.1,117.2,115.3,115.1,119.9,120,120.5,120.9,120.95
1683683880619341416,118.6,118.1,115.3,115.1,114.3,119.9,120,120.5,120.9,120.95
1683683883678145954,118.6,118.1,117.3,115.3,115.1,119.9,120,120.5,120.9,120.95
1683683886168410541,118.6,118.1,115.3,115.1,114.3,119.9,120,120.5,120.9,120.95
1683683889585579663,118.6,118.1,117.2,115.3,115.1,119.9,120,120.5,120.9,120.95
1683683890348498561,118.6,118.1,115.3,115.1,114.3,119.9,120,120.5,120.9,120.95
1683683890614794002,118.6,118.1,115.3,114.75,114.3,119.9,120,120.5,120.9,120.95
1683683893975534471,118.6,118.1,117.05,115.3,114.75,119.9,120,120.5,120.9,120.95
1683683896316439492,118.6,118.1,115.3,114.75,114.3,119.9,120,120.5,120.9,120.95
1683683899236975028,118.6,118.1,116.9,115.3,114.75,119.9,120,120.5,120.9,120.95
1683683908335306159,118.6,118.1,115.3,114.75,114.3,119.9,120,120.5,120.9,120.95
1683683911087901973,118.6,118.1,116.9,115.3,114.75,119.9,120,120.5,120.9,120.95
1683683913248681260,118.6,118.1,116.9,115.3,114.55,119.9,120,120.5,120.9,120.95
1683683917478827682,118.6,118.1,115.3,114.55,114.3,119.9,120,120.5,120.9,120.95
1683683920860136792,118.6,118.1,117.05,115.3,114.55,119.9,120,120.5,120.9,120.95
1683683924832280434,118.6,118.1,115.3,114.55,114.3,119.9,120,120.5,120.9,120.95
1683683927855245538,118.6,118.1,117.05,115.3,114.55,119.9,120,120.5,120.9,120.95
1683683935238406411,118.6,118.1,115.3,114.55,114.3,119.9,120,120.5,120.9,120.95
1683683938287949538,118.6,118.1,116.9,115.3,114.55,119.9,120,120.5,120.9,120.95
1683684014859770317,118.6,118.1,115.3,114.55,114.3,119.9,120,120.5,120.9,120.95
1683684019628691350,118.6,118.1,116.8,115.3,114.55,119.9,120,120.5,120.9,120.95
1683684046662755604,118.6,118.1,115.3,114.55,114.3,119.9,120,120.5,120.9,120.95
1683684046928976074,118.6,118.1,115.3,114.4,114.3,119.9,120,120.5,120.9,120.95
1683684049270899475,118.6,118.1,116.65,115.3,114.4,119.9,120,120.5,120.9,120.95
1683684050380992104,118.6,118.1,115.3,114.4,114.3,119.9,120,120.5,120.9,120.95
1683684050639024270,118.6,118.1,115.3,114.3,114.2,119.9,120,120.5,120.9,120.95
1683684055982507230,118.6,118.1,116.55,115.3,114.3,119.9,120,120.5,120.9,120.95
1683684057776421780,118.6,118.1,115.3,114.3,114.2,119.9,120,120.5,120.9,120.95
1683684058003854601,118.6,118.1,115.3,114.3,114.05,119.9,120,120.5,120.9,120.95
1683684060416335424,118.6,118.1,116.4,115.3,114.3,119.9,120,120.5,120.9,120.95
1683684065308194752,118.6,118.1,115.3,114.3,114.05,119.9,120,120.5,120.9,120.95
1683684069581282611,118.6,118.1,116.55,115.3,114.3,119.9,120,120.5,120.9,120.95
1683684101534702374,118.6,118.1,115.3,114.3,114.2,119.9,120,120.5,120.9,120.95
1683684101839801564,118.6,118.1,115.3,114.4,114.3,119.9,120,120.5,120.9,120.95
1683684102253523661,118.6,118.1,116.6,115.3,114.4,119.9,120,120.5,120.9,120.95
1683684103146586965,118.6,118.1,116.6,115.3,114.3,119.9,120,120.5,120.9,120.95
1683684104266771223,118.6,118.1,116.6,116.55,115.3,119.9,120,120.5,120.9,120.95
1683684118467781218,118.6,118.1,116.6,115.3,114.3,119.9,120,120.5,120.9,120.95
1683684121281891963,118.6,118.1,116.65,116.6,115.3,119.9,120,120.5,120.9,120.95
1683684146587387322,118.6,118.1,116.6,115.3,114.4,119.9,120,120.5,120.9,120.95
1683684149280569985,118.6,118.1,116.8,116.6,115.3,119.9,120,120.5,120.9,120.95
1683684191663576625,118.6,118.1,116.6,115.3,114.4,119.9,120,120.5,120.9,120.95
1683684195885644303,118.6,118.1,116.9,116.6,115.3,119.9,120,120.5,120.9,120.95
1683684215443317649,118.6,118.1,116.6,115.3,114.55,119.9,120,120.5,120.9,120.95
1683684215689065448,118.6,118.1,116.6,115.3,114.75,119.9,120,120.5,120.9,120.95
1683684216681366555,118.6,118.1,116.6,115.3,114.9,119.9,120,120.5,120.9,120.95
1683684220231697575,118.6,118.1,117.05,116.6,115.3,119.9,120,120.5,120.9,120.95
1683684229593230626,118.6,118.1,116.6,115.3,114.75,119.9,120,120.5,120.9,120.95
1683684234866824225,118.6,118.1,117.2,116.6,115.3,119.9,120,120.5,120.9,120.95
1683684255419914495,118.6,118.1,116.6,115.3,115.25,119.9,120,120.5,120.9,120.95
1683684257918594839,118.6,118.1,117.3,116.6,115.3,119.9,120,120.5,120.9,120.95
1683684258781766386,118.6,118.1,116.6,115.3,115.25,119.9,120,120.5,120.9,120.95
1683684261735018017,118.6,118.1,117.45,116.6,115.3,119.9,120,120.5,120.9,120.95
1683684262169320386,118.6,118.1,116.6,115.3,115.25,119.9,120,120.5,120.9,120.95
1683684264954530343,118.6,118.1,117.45,116.6,115.3,119.9,120,120.5,120.9,120.95
1683684271358706854,118.6,118.1,117.45,116.6,115.45,119.9,120,120.5,120.9,120.95
1683684282937373540,118.6,118.1,116.6,115.45,115.3,119.9,120,120.5,120.9,120.95
1683684283158577895,118.6,118.1,116.6,115.3,115.1,119.9,120,120.5,120.9,120.95
1683684285347939435,118.6,118.1,116.6,115.3,115.25,119.9,120,120.5,120.9,120.95
1683684286752955868,118.6,118.1,117.45,116.6,115.3,119.9,120,120.5,120.9,120.95
1683684291273870035,118.6,118.1,116.6,115.3,115.25,119.9,120,120.5,120.9,120.95
1683684293016776588,118.6,118.1,116.6,115.3,115.1,119.9,120,120.5,120.9,120.95
1683684294248631675,118.6,118.1,117.3,116.6,115.3,119.9,120,120.5,120.9,120.95
1683684296171759781,118.6,118.1,116.6,115.3,115.1,119.9,120,120.5,120.9,120.95
1683684297715990941,118.6,118.1,116.6,115.3,115.25,119.9,120,120.5,120.9,120.95
1683684299360623991,118.6,118.1,117.3,116.6,115.3,119.9,120,120.5,120.9,120.95
1683684468401216822,118.6,118.1,116.6,115.3,115.25,119.9,120,120.5,120.9,120.95
1683684479104277416,118.6,118.1,117.45,116.6,115.3,119.9,120,120.5,120.9,120.95
1683684483664221524,118.6,118.1,117.45,116.6,115.45,119.9,120,120.5,120.9,120.95
1683684487170542985,118.6,118.1,116.6,115.45,115.3,119.9,120,120.5,120.9,120.95
1683684490286572584,118.6,118.1,117.55,116.6,115.45,119.9,120,120.5,120.9,120.95
1683684490554909037,118.6,118.1,117.55,116.6,115.6,119.9,120,120.5,120.9,120.95
1683684492164622408,118.6,118.1,116.6,115.6,115.3,119.9,120,120.5,120.9,120.95
1683684495040131333,118.6,118.1,117.55,116.6,115.6,119.9,120,120.5,120.9,120.95
1683684495072833176,118.6,118.1,116.6,115.6,115.3,119.9,120,120.5,120.9,120.95
1683684498343593415,118.6,118.1,117.7,116.6,115.6,119.9,120,120.5,120.9,120.95
1683684498435695441,118.6,118.1,116.6,115.6,115.3,119.9,120,120.5,120.9,120.95
1683684498691743300,118.6,118.1,116.6,115.45,115.3,119.9,120,120.5,120.9,120.95
1683684501401239731,118.6,118.1,117.55,116.6,115.45,119.9,120,120.5,120.9,120.95
1683684501577478486,118.6,118.1,117.55,116.6,115.6,119.9,120,120.5,120.9,120.95
1683684537828674862,118.6,118.1,116.6,115.6,115.3,119.9,120,120.5,120.9,120.95
1683684538004841111,118.6,118.1,116.6,115.3,115.1,119.9,120,120.5,120.9,120.95
1683684538232066742,118.6,118.1,116.6,115.3,115.25,119.9,120,120.5,120.9,120.95
1683684541036066827,118.6,118.1,117.45,116.6,115.3,119.9,120,120.5,120.9,120.95
1683684557598665710,118.6,118.1,116.6,115.3,115.1,119.9,120,120.5,120.9,120.95
1683684557805241417,118.6,118.1,116.6,115.3,114.9,119.9,120,120.5,120.9,120.95
1683684561119864134,118.6,118.1,117.2,116.6,115.3,119.9,120,120.5,120.9,120.95
1683684590489792639,118.6,118.1,116.6,115.3,115.1,119.9,120,120.5,120.9,120.95
1683684592380123532,118.6,118.1,116.6,115.3,115.25,119.9,120,120.5,120.9,120.95
1683684594693438251,118.6,118.1,117.3,116.6,115.3,119.9,120,120.5,120.9,120.95
1683684616373863355,118.6,118.1,116.6,115.3,115.25,119.9,120,120.5,120.9,120.95
1683684619384541990,118.6,118.1,117.45,116.6,115.3,119.9,120,120.5,120.9,120.95
1683684632238969014,118.6,118.1,116.6,115.3,115.25,119.9,120,120.5,120.9,120.95
1683684637625316707,118.6,118.1,117.55,116.6,115.3,119.9,120,120.5,120.9,120.95
1683684638860331344,118.6,118.1,117.55,116.6,115.45,119.9,120,120.5,120.9,120.95
1683684645395680131,118.6,118.1,116.6,115.45,115.3,119.9,120,120.5,120.9,120.95
1683684645713064248,118.6,118.1,116.6,115.3,115.25,119.9,120,120.5,120.9,120.95
1683684648167532784,118.6,118.1,117.45,116.6,115.3,119.9,120,120.5,120.9,120.95
1683684697478059919,118.6,118.1,117.45,116.6,115.45,119.9,120,120.5,120.9,120.95
1683684705285194595,118.6,118.1,117.45,116.6,115.3,119.9,120,120.5,120.9,120.95
1683684718134663284,118.6,118.1,117.45,116.6,115.45,119.9,120,120.5,120.9,120.95
1683684720117162697,118.6,118.1,117.45,116.6,115.3,119.9,120,120.5,120.9,120.95
1683684787227098896,118.6,118.1,116.6,115.3,115.25,119.9,120,120.5,120.9,120.95
1683684787390939010,118.6,118.1,116.6,115.3,115.1,119.9,120,120.5,120.9,120.95
1683684790131194403,118.6,118.1,117.3,116.6,115.3,119.9,120,120.5,120.9,120.95
1683684865835875358,118.6,118.1,116.6,115.3,115.25,119.9,120,120.5,120.9,120.95
1683684871179113664,118.6,118.1,117.2,116.6,115.3,119.9,120,120.5,120.9,120.95
1683684871209886366,118.6,118.1,116.6,115.3,115.25,119.9,120,120.5,120.9,120.95
1683684874880015599,118.6,118.1,117.2,116.6,115.3,119.9,120,120.5,120.9,120.95
1683684895493388950,118.6,118.1,116.6,115.3,114.9,119.9,120,120.5,120.9,120.95
1683684898481535876,118.6,118.1,117.05,116.6,115.3,119.9,120,120.5,120.9,120.95
1683684946935935007,118.6,118.1,116.6,115.3,114.9,119.9,120,120.5,120.9,120.95
1683684959879607481,118.6,118.1,117.2,116.6,115.3,119.9,120,120.5,120.9,120.95
1683685053330386885,118.6,118.1,116.6,115.3,115.1,119.9,120,120.5,120.9,120.95
1683685062576319455,118.6,118.1,117.3,116.6,115.3,119.9,120,120.5,120.9,120.95
1683685119107192398,118.6,118.1,116.6,115.3,115.1,119.9,120,120.5,120.9,120.95
1683685123929268097,118.6,118.1,117.45,116.6,115.3,119.9,120,120.5,120.9,120.95
1683685185528029596,118.6,118.1,116.6,115.3,115.1,119.9,120,120.5,120.9,120.95
1683685187926227420,118.6,118.1,116.6,115.3,114.9,119.9,120,120.5,120.9,120.95
1683685187958970541,118.6,118.1,117.2,116.6,115.3,119.9,120,120.5,120.9,120.95
1683685229019019702,118.6,118.1,116.6,115.3,115.25,119.9,120,120.5,120.9,120.95
1683685243137210609,118.6,118.1,117.45,116.6,115.3,119.9,120,120.5,120.9,120.95
1683685308376261541,118.6,118.1,116.6,115.3,115.25,119.9,120,120.5,120.9,120.95
1683685314282869982,118.6,118.1,117.3,116.6,115.3,119.9,120,120.5,120.9,120.95
1683685349503953651,118.6,118.1,116.6,115.3,115.25,119.9,120,120.5,120.9,120.95
1683685353205721315,118.6,118.1,117.45,116.6,115.3,119.9,120,120.5,120.9,120.95
1683685363176603052,118.6,118.1,116.6,115.3,115.25,119.9,120,120.5,120.9,120.95
1683685375174998537,118.6,118.1,117.3,116.6,115.3,119.9,120,120.5,120.9,120.95
1683685430585677573,118.6,118.1,116.6,115.3,115.25,119.9,120,120.5,120.9,120.95
1683685436287419031,118.6,118.1,117.2,116.6,115.3,119.9,120,120.5,120.9,120.95
1683685473878009718,118.6,118.1,116.6,115.3,115.25,119.9,120,120.5,120.9,120.95
1683685489072414293,118.6,118.1,117.3,116.6,115.3,119.9,120,120.5,120.9,120.95
1683685548838136093,119,118.6,118.1,117.3,116.6,119.9,120,120.5,120.9,120.95
1683685583532854280,119,118.6,118.1,116.6,115.3,119.9,120,120.5,120.9,120.95
1683685595513826226,119,118.6,118.1,117.2,116.6,119.9,120,120.5,120.9,120.95
1683685710970865454,119,118.6,118.1,116.6,115.3,119.9,120,120.5,120.9,120.95
1683685723258071410,119,118.6,118.1,117.05,116.6,119.9,120,120.5,120.9,120.95
1683685744680455680,119,118.6,118.1,116.6,115.3,119.9,120,120.5,120.9,120.95
1683685754496692991,119,118.6,118.1,117.05,116.6,119.9,120,120.5,120.9,120.95
1683685776312337065,119,118.6,118.1,116.6,115.3,119.9,120,120.5,120.9,120.95
1683685780843575545,119,118.6,118.1,117.3,116.6,119.9,120,120.5,120.9,120.95
1683685823637352314,119,118.6,118.1,116.6,115.3,119.9,120,120.5,120.9,120.95
1683685828593554132,119,118.6,118.1,117.2,116.6,119.9,120,120.5,120.9,120.95
1683685876471443388,119,118.6,118.1,116.6,115.3,119.9,120,120.5,120.9,120.95
1683685883766567452,119,118.6,118.1,117.45,116.6,119.9,120,120.5,120.9,120.95
1683686161715582769,119,118.6,118.1,116.6,115.45,119.9,120,120.5,120.9,120.95
1683686164986330047,119,118.6,118.1,117.3,116.6,119.9,120,120.5,120.9,120.95
1683686197872637097,119,118.6,118.1,116.6,115.3,119.9,120,120.5,120.9,120.95
1683686202276898892,119,118.6,118.1,117.2,116.6,119.9,120,120.5,120.9,120.95
1683686211433684779,119,118.6,118.1,116.6,115.3,119.9,120,120.5,120.9,120.95
1683686229322329007,119,118.6,118.1,117.3,116.6,119.9,120,120.5,120.9,120.95
1683686233115224568,119,118.6,118.1,116.6,115.3,119.9,120,120.5,120.9,120.95
1683686240832239169,119,118.6,118.1,117.05,116.6,119.9,120,120.5,120.9,120.95
1683686326739199206,119,118.6,118.1,116.6,115.3,119.9,120,120.5,120.9,120.95
1683686332517732523,119,118.6,118.1,116.9,116.6,119.9,120,120.5,120.9,120.95
1683686344634785881,119,118.6,118.1,116.6,115.3,119.9,120,120.5,120.9,120.95
1683686347058653091,119,118.6,118.1,116.9,116.6,119.9,120,120.5,120.9,120.95
1683686390594861617,119,118.6,118.1,116.6,115.3,119.9,120,120.5,120.9,120.95
1683686399476051560,119,118.6,118.1,116.8,116.6,119.9,120,120.5,120.9,120.95
1683686404562378145,119,118.6,118.1,116.6,115.3,119.9,120,120.5,120.9,120.95
1683686407088646093,119,118.6,118.1,116.9,116.6,119.9,120,120.5,120.9,120.95
1683686409394725340,119,118.6,118.1,116.6,115.3,119.9,120,120.5,120.9,120.95
1683686412226132672,119,118.6,118.1,116.8,116.6,119.9,120,120.5,120.9,120.95
1683686495004695569,119,118.6,118.1,116.6,115.3,119.9,120,120.5,120.9,120.95
1683686499373171220,119,118.6,118.1,116.9,116.6,119.9,120,120.5,120.9,120.95
1683686509836493780,119,118.6,118.1,116.6,115.3,119.9,120,120.5,120.9,120.95
1683686514995560653,119,118.6,118.1,116.65,116.6,119.9,120,120.5,120.9,120.95
1683686538098361672,119,118.6,118.1,116.6,115.3,119.9,120,120.5,120.9,120.95
1683686541701896191,119,118.6,118.1,116.6,116.55,119.9,120,120.5,120.9,120.95
1683686541722334679,119,118.6,118.1,116.6,115.3,119.9,120,120.5,120.9,120.95
1683686544732941100,119,118.6,118.1,116.6,116.4,119.9,120,120.5,120.9,120.95
1683686545185582130,119,118.6,118.1,116.6,115.3,119.9,120,120.5,120.9,120.95
1683686549494627936,119,118.6,118.1,116.6,116.15,119.9,120,120.5,120.9,120.95
1683686554836000173,119,118.6,118.1,116.6,115.3,119.9,120,120.5,120.9,120.95
1683686558751744853,119,118.6,118.1,116.6,116.3,119.9,120,120.5,120.9,120.95
1683686571822349078,119,118.6,118.1,116.6,115.3,119.9,120,120.5,120.9,120.95
1683686577874340061,119,118.6,118.1,116.6,116.15,119.9,120,120.5,120.9,120.95
1683686599848708560,119,118.6,118.1,116.6,115.3,119.9,120,120.5,120.9,120.95
1683686602617673136,119,118.6,118.1,116.6,116.3,119.9,120,120.5,120.9,120.95
1683686612963242535,119,118.6,118.1,116.6,115.3,119.9,120,120.5,120.9,120.95
1683686615946224353,119,118.6,118.1,116.6,116.4,119.9,120,120.5,120.9,120.95
1683686633727265366,119,118.6,118.1,116.6,115.3,119.9,120,120.5,120.9,120.95
1683686638775699054,119,118.6,118.1,116.6,116.3,119.9,120,120.5,120.9,120.95
1683686654939834191,119,118.6,118.1,116.6,115.3,119.9,120,120.5,120.9,120.95
1683686659685179856,119,118.6,118.1,116.6,116.4,119.9,120,120.5,120.9,120.95
1683686708327959102,119,118.6,118.1,116.6,115.3,119.9,120,120.5,120.9,120.95
1683686713005652252,119,118.6,118.1,116.6,116.55,119.9,120,120.5,120.9,120.95
1683686768680520574,118.65,118.6,118.1,116.6,116.55,119.9,120,120.5,120.9,120.95
1683686826641981170,118.65,118.6,118.1,116.6,115.3,119.9,120,120.5,120.9,120.95
1683686829005331894,118.65,118.6,118.1,116.65,116.6,119.9,120,120.5,120.9,120.95
1683686829601335835,118.65,118.6,118.1,116.6,115.3,119.9,120,120.5,120.9,120.95
1683686835124853179,118.65,118.6,118.1,116.6,116.55,119.9,120,120.5,120.9,120.95
1683686839048898431,118.65,118.6,118.1,116.6,115.3,119.9,120,120.5,120.9,120.95
1683686842018595626,118.65,118.6,118.1,116.65,116.6,119.9,120,120.5,120.9,120.95
1683686875224374690,118.65,118.6,118.1,116.6,115.3,119.9,120,120.5,120.9,120.95
1683686880710067388,118.65,118.6,118.1,116.6,116.4,119.9,120,120.5,120.9,120.95
1683687201963790371,118.65,118.6,118.1,116.6,115.3,119.9,120,120.5,120.9,120.95
1683687209256898307,118.65,118.6,118.1,116.6,116.3,119.9,120,120.5,120.9,120.95
1683687218098205222,118.65,118.6,118.1,116.6,115.3,119.9,120,120.5,120.9,120.95
1683687221348472751,118.65,118.6,118.1,116.6,116.3,119.9,120,120.5,120.9,120.95
1683687240862244166,118.65,118.6,118.1,116.6,115.3,119.9,120,120.5,120.9,120.95
1683687246365269530,118.65,118.6,118.1,116.6,116.4,119.9,120,120.5,120.9,120.95
1683687312831129632,118.65,118.6,118.1,116.6,115.3,119.9,120,120.5,120.9,120.95
1683687315113664999,118.65,118.6,118.1,116.6,116.3,119.9,120,120.5,120.9,120.95
1683687331013638256,118.65,118.6,118.1,116.6,115.3,119.9,120,120.5,120.9,120.95
1683687335510050782,118.65,118.6,118.1,116.6,116.4,119.9,120,120.5,120.9,120.95
1683687360836099884,118.65,118.6,118.1,116.6,115.3,119.9,120,120.5,120.9,120.95
1683687367626290256,118.65,118.6,118.1,116.6,116.3,119.9,120,120.5,120.9,120.95
1683687455836176466,118.65,118.6,118.1,116.6,115.3,119.9,120,120.5,120.9,120.95
1683687455856702938,118.65,118.6,118.1,116.6,116.15,119.9,120,120.5,120.9,120.95
1683687458005152214,118.65,118.6,118.1,116.6,116.3,119.9,120,120.5,120.9,120.95
1683687470300468285,118.65,118.6,118.1,116.6,116.15,119.9,120,120.5,120.9,120.95
1683687474912699308,118.65,118.6,118.1,116.6,116.4,119.9,120,120.5,120.9,120.95
1683687487074847452,118.65,118.6,118.1,116.6,116.15,119.9,120,120.5,120.9,120.95
1683687492647653685,118.65,118.6,118.1,116.6,116.3,119.9,120,120.5,120.9,120.95
1683687581341896811,118.65,118.6,118.1,116.6,116.15,119.9,120,120.5,120.9,120.95
1683687586744552675,118.65,118.6,118.1,116.6,116.4,119.9,120,120.5,120.9,120.95
1683687597834772417,118.65,118.6,118.1,116.6,116.15,119.9,120,120.5,120.9,120.95
1683687599978938509,118.65,118.6,118.1,116.6,116.3,119.9,120,120.5,120.9,120.95
1683687617909518598,118.65,118.6,118.1,116.6,116.15,119.9,120,120.5,120.9,120.95
1683687626155997302,118.65,118.6,118.1,116.6,116.4,119.9,120,120.5,120.9,120.95
1683687644838185326,118.65,118.6,118.1,116.6,116.15,119.9,120,120.5,120.9,120.95
1683687647238375738,118.65,118.6,118.1,116.6,116.3,119.9,120,120.5,120.9,120.95
1683687648460010784,118.65,118.6,118.1,116.6,116.15,119.9,120,120.5,120.9,120.95
1683687651876195315,118.65,118.6,118.1,116.6,116.4,119.9,120,120.5,120.9,120.95
1683687749270450016,118.65,118.6,118.1,116.6,116.15,119.9,120,120.5,120.9,120.95
1683687754554483972,118.65,118.6,118.1,116.6,116.4,119.9,120,120.5,120.9,120.95
1683687930883126017,118.65,118.6,118.1,116.6,116.15,119.9,120,120.5,120.9,120.95
1683687933480027816,118.65,118.6,118.1,116.6,116.55,119.9,120,120.5,120.9,120.95
1683687933942918174,118.65,118.6,118.1,116.6,116.15,119.9,120,120.5,120.9,120.95
1683687946183895960,118.65,118.6,118.1,116.65,116.6,119.9,120,120.5,120.9,120.95
1683687959197249998,118.65,118.6,118.1,116.6,116.15,119.9,120,120.5,120.9,120.95
1683687961947638746,118.65,118.6,118.1,116.8,116.6,119.9,120,120.5,120.9,120.95
1683688023837256413,118.65,118.6,118.1,116.6,116.15,119.9,120,120.5,120.9,120.95
1683688026036933883,118.65,118.6,118.1,116.65,116.6,119.9,120,120.5,120.9,120.95
1683688080896520931,118.65,118.6,118.1,116.6,116.15,119.9,120,120.5,120.9,120.95
1683688084497990030,118.65,118.6,118.1,116.8,116.6,119.9,120,120.5,120.9,120.95
1683688095862548719,118.65,118.6,118.1,116.6,116.15,119.9,120,120.5,120.9,120.95
1683688097933187085,118.65,118.6,118.1,116.9,116.6,119.9,120,120.5,120.9,120.95
1683688118825170410,118.65,118.6,118.1,116.6,116.15,119.9,120,120.5,120.9,120.95
1683688120987919801,118.65,118.6,118.1,116.8,116.6,119.9,120,120.5,120.9,120.95
1683688166847469515,118.65,118.6,118.1,116.6,116.15,119.9,120,120.5,120.9,120.95
1683688172426286730,118.65,118.6,118.1,116.65,116.6,119.9,120,120.5,120.9,120.95
1683688207003416261,118.65,118.6,118.1,116.6,116.15,119.9,120,120.5,120.9,120.95
1683688210014068597,118.65,118.6,118.1,116.8,116.6,119.9,120,120.5,120.9,120.95
1683688213838652911,118.65,118.6,118.1,116.6,116.15,119.9,120,120.5,120.9,120.95
1683688215982901543,118.65,118.6,118.1,116.8,116.6,119.9,120,120.5,120.9,120.95
1683688242511256520,118.65,118.6,118.1,116.6,116.15,119.9,120,120.5,120.9,120.95
1683688244981041372,118.65,118.6,118.1,116.65,116.6,119.9,120,120.5,120.9,120.95
1683688264168019380,119,118.65,118.6,118.1,116.65,119.9,120,120.5,120.9,120.95
1683688355841167490,119,118.65,118.6,118.1,116.6,119.9,120,120.5,120.9,120.95
1683688643121117069,119,118.65,118.6,118.1,116.65,119.9,120,120.5,120.9,120.95
1683688656669858957,119,118.65,118.6,118.1,116.6,119.9,120,120.5,120.9,120.95
1683688711261288897,119,118.65,118.6,118.1,116.65,119.9,120,120.5,120.9,120.95
1683688762851381669,119,118.65,118.6,118.1,116.6,119.9,120,120.5,120.9,120.95
1683688768853032845,119,118.65,118.6,118.1,116.8,119.9,120,120.5,120.9,120.95
1683688813396815825,119,118.65,118.6,118.1,116.6,119.9,120,120.5,120.9,120.95
1683688818625402688,119,118.65,118.6,118.1,116.65,119.9,120,120.5,120.9,120.95
1683688822137845616,119,118.65,118.6,118.1,116.6,119.9,120,120.5,120.9,120.95
1683688826383478043,119,118.65,118.6,118.1,116.8,119.9,120,120.5,120.9,120.95
1683688837466322975,119,118.65,118.6,118.1,116.6,119.9,120,120.5,120.9,120.95
1683688839047520567,119.2,119,118.65,118.6,118.1,119.9,120,120.5,120.9,120.95
1683689918259366552,119,118.65,118.6,118.1,117.5,119.9,120,120.5,120.9,120.95
1683690380575642450,119,118.65,118.6,118.1,117.5,119.9,120,120.5,120.9,120.95
1683690385314816824,119,118.65,118.6,118.1,117.5,119.9,120,120.5,120.9,120.95
1683692438177089431,119,118.65,118.6,118.1,117.5,119.9,120,120.5,120.9,120.95
1683696319746906716,119,118.65,118.6,118.1,117.5,119.9,120,120.5,120.9,120.95
1683696485277220714,118.65,118.6,118.1,117.5,116.6,119.9,120,120.5,120.9,120.95
1683696640778304950,118.65,118.6,118.1,117.5,116.6,119.9,120,120.5,120.9,120.95
