Timestamp,BidPrice0,BidPrice1,BidPrice2,BidPrice3,BidPrice4,AskPrice0,AskPrice1,AskPrice2,AskPrice3,AskPrice4
1684189806054622022,0,0,0,0,0,0,0,0,0,0
1684197026149957828,317,314,312.5,311,310.5,319,325.5,326,328,329
1684197031182061614,317,315,314,313,312.5,319,325,325.5,326,328
1684197036197576812,317,316,315,314,313,319,324,325,325.5,326
1684197041194761030,317,316,315.5,315,314,319,324,325,325.5,326
1684197066268838340,317,316,315.5,315,314,319,324,324.5,325,325.5
1684197071296652602,316,315.5,315,314,313,319,321,322,324,324.5
1684197076314271811,316,315.5,315,314,313,319,321,322,324,324.5
1684197096377849641,316,315.5,315,314,313,319,321,322,324,324.5
1684197101393344721,316,315.5,315,314,313,319,320.5,321,322,324
1684197126467343503,316,315.5,315,314,313,319,320.5,321,322,324
1684197141520232799,316,315.5,315,314,313,320.5,321,322,324,324.5
1684197196683921411,321.5,317,316,315.5,315,322,324,324.5,325,325.5
1684197211732827256,321.5,317,316,315.5,315,322,324,324.5,325,325.5
1684197216762506761,321.5,317,315.5,315,314,322,324,324.5,325,325.5
1684197241830372196,321.5,317,315.5,315,314,322,324,324.5,325,325.5
1684197261888646858,321.5,318,317,315.5,315,322,324,324.5,325,325.5
1684197412381472232,321.5,318,317,315.5,315,324,324.5,325,325.5,326
1684197417401173099,321.5,318,317,315.5,315,324.5,325,325.5,326,326.5
1684197422414674486,321.5,318,317,315.5,315,324.5,325,325.5,326,326.5
1684197427426158744,324,321.5,318,317,315.5,324.5,325,325.5,326,326.5
1684197467549011363,324,321.5,319,318,317,324.5,325,325.5,326,326.5
1684197477588361991,324,321.5,320,319,318,324.5,325,325.5,326,326.5
1684197482597898863,324,321.5,320,319,318,324.5,325,325.5,326,326.5
1684197492645506446,324,321.5,319,318,317,324.5,325,325.5,326,326.5
1684197512711997916,324,321.5,319,318,317,324.5,325,325.5,326,326.5
1684197577923102138,324,321.5,319,318,317,324.5,325,325.5,326,326.5
1684197587937935380,324,321.5,319,318,317,324.5,325,325.5,326,326.5
1684197608813449181,324,321.5,319,318,317,324.5,325,325.5,326,326.5
1684197629080673380,324,321.5,319,318,317,324.5,325,325.5,326,326.5
1684197634086077261,324,321.5,319,318,317,324.5,325,325.5,326,326.5
1684197679232621359,324,321.5,319,318,317,324.5,325,325.5,326,326.5
1684197684248274438,324.5,324,321.5,319,318,325,325.5,326,326.5,327
1684197699301222834,324,321.5,319,318,317,324.5,325,325.5,326,326.5
1684197704286128280,321.5,319,318,317,316.5,324.5,325,325.5,326,326.5
1684197709328443060,321.5,319,318,317.5,317,324.5,325,325.5,326,326.5
1684197724358844492,321.5,320,319,318,317.5,324.5,325,325.5,326,326.5
1684197739424041090,321.5,320,319,318,317.5,324.5,325,325.5,326,326.5
1684197764510240623,321.5,320,319,318,317.5,324.5,325,325.5,326,326.5
1684197774541436590,321.5,320,319,318,317.5,324.5,325,325.5,326,326.5
1684197779550999405,321.5,320,319,318,317.5,324,324.5,325,325.5,326
1684197784562454493,321.5,320,319,318,317.5,324,324.5,325,325.5,326
1684197809638390915,321.5,320,319,318,317,324,324.5,325,325.5,326
1684197814662092762,321.5,320,319,318,317,324,324.5,325,325.5,326
1684197829711115581,321.5,320,319,318,317,323.5,324,324.5,325,325.5
1684197834710261239,321.5,320,319,318,317,322,323.5,324,324.5,325
1684197849761278354,321.5,320,318,317,316.5,322,323.5,324,324.5,325
1684197869835988239,321.5,320,319,318,317,322,323.5,324,324.5,325
1684197899931552485,321.5,320,319,318,317,322,323.5,324,324.5,325
1684197909966927484,321.5,320,319,318,317,322,323.5,324,324.5,325
1684197930010977515,321.5,320,319,318,317,322,323.5,324,324.5,325
1684197950077423531,321.5,320,319,318,317,322,323.5,324,324.5,325
1684198035342702136,321.5,320,319,318,317,322,323.5,324,324.5,325
1684198080487291041,321.5,320,319,318,317,322,323.5,324,324.5,325
1684198105567342674,321.5,320,319,318,317,322,323.5,324,324.5,325
1684198115602626393,321.5,320,319,318,317,322,323.5,324,324.5,325
1684198140680659831,321.5,320,319,318,317,322,323.5,324,324.5,325
1684198206504094103,321.5,320,319,318,317,322,323.5,324,324.5,325
1684198236790246344,321.5,320,319,318,317,322,323.5,324,324.5,325
1684198251845244319,321.5,320,319,318,317,322,323.5,324,324.5,325
1684198261881686397,321.5,320,319,318,317,322,323.5,324,324.5,325
1684198266903428153,321.5,320,319,318,317,322,323.5,324,324.5,325
1684198271908700589,321.5,320,319,318,317,322,323.5,324,324.5,325
1684198291960925067,321.5,320,319,318,317,322,323.5,324,324.5,325
1684198296990833300,321.5,320,319,318,317.5,322,323.5,324,324.5,325
1684198307024072111,321.5,320,319,318,317.5,322,323.5,324,324.5,325
1684198312035587816,321.5,320,319,318,317.5,322,323.5,324,324.5,325
1684198362206036904,321.5,320,319,318,317.5,322,323.5,324,324.5,325
1684198367217585531,321.5,320,319,318,317.5,322,323.5,324,324.5,325
1684198377246726955,321.5,320,319,318,317.5,322,323.5,324,324.5,325
1684198397315286207,321.5,320,319,318,317.5,322,323.5,324,324.5,325
1684198432420367859,321.5,320,319,318,317.5,322,323.5,324,324.5,325
1684198442459843989,321.5,320,319,318,317.5,322,323.5,324,324.5,325
1684198462510010406,321.5,320,319,318,317.5,322,323.5,324,324.5,325
1684198467523578181,321.5,320,319,318,317.5,322,323.5,324,324.5,325
1684198522707443147,321.5,320,319,318,317.5,322,323.5,324,324.5,325
1684198542771912012,321.5,320,319,318,317.5,322,323.5,324,324.5,325
1684198547793743406,321.5,320,319,318,317.5,322,323.5,324,324.5,325
1684198562830383000,321.5,320,319,318,317.5,322,323.5,324,324.5,325
1684198587912449876,321.5,320,319,318,317.5,322,323.5,324,324.5,325
1684198592925982958,323,322,321.5,320,319,324,324.5,325,325.5,326
1684198607962583992,323,322,321.5,320,319,324,324.5,325,325.5,326
1684198612990410243,323,322,321.5,320,319,324,324.5,325,325.5,326
1684198618004036104,323,322,321.5,320,319,324,324.5,325,325.5,326
1684198628029145285,323,322,321.5,320,319,324,324.5,325,325.5,326
1684198633054923503,323,322,321.5,320,319,324,324.5,325,325.5,326
1684198638082846560,323,322,321.5,320,319,324,324.5,325,325.5,326
1684198643102545006,322,321.5,320,319,318,323.5,324,324.5,325,325.5
1684198648097689994,322,321.5,320,319,318,323.5,324,324.5,325,325.5
1684198653117377531,322,321.5,320,319,318,323.5,324,324.5,325,325.5
1684198663152719787,322,321.5,320,319,318,323,323.5,324,324.5,325
1684198668162171018,323,322,321.5,321,320,323.5,324,324.5,325,325.5
1684198693246286499,322,321.5,321,320,319,323.5,324,324.5,325,325.5
1684198703273414505,322,321.5,321,320,319,323.5,324,324.5,325,325.5
1684198708289079725,322,321.5,321,320,319,323,323.5,324,324.5,325
1684198713304682773,322,321.5,321,320,319,323,323.5,324,324.5,325
1684198728345314316,322,321.5,321,320,319,323.5,324,324.5,325,325.5
1684198743404373554,323,322,321.5,321,320,323.5,324,324.5,325,325.5
1684198758449162865,323,322,321.5,321,320,323.5,324,324.5,325,325.5
1684198763456585701,323,322,321.5,321,320,324,324.5,325,325.5,326
1684198768480397495,324,323,322,321.5,321,325,325.5,326,326.5,327
1684198773504152606,324,323,322,321.5,321,325,325.5,326,326.5,327
1684198778519776965,324.5,324,323,322,321.5,325,325.5,326,326.5,327
1684198783521045698,324.5,324,323,322,321.5,325,325.5,326,326.5,327
1684198788538764274,324.5,324,323,322,321.5,325,325.5,326,326.5,327
1684198793753028063,324.5,324,323,322,321.5,325,325.5,326,326.5,327
1684198798979547541,323,322,321.5,321,320,324,324.5,325,325.5,326
1684198806009256137,323,322,321.5,321,320,324,324.5,325,325.5,326
1684198808787880101,323,322,321.5,321,320,324,324.5,325,325.5,326
1684198808831554878,323,322,321.5,321,320,324,324.5,325,325.5,326
1684198811598595388,323,322,321.5,321,320,324,324.5,325,325.5,326
1684198811634047640,322,321.5,321,320,319.5,324,324.5,325,325.5,326
1684198811642510597,322,321.5,321,320,319.5,324,324.5,325,325.5,326
1684198811642510597,322,321.5,321,320,319.5,324,324.5,325,325.5,326
1684198811652740912,322,321.5,321,320,319.5,324,324.5,325,325.5,326
1684198811685394901,322,321.5,321,320,319.5,324,324.5,325,325.5,326
1684198811685394901,322,321.5,321,320,319.5,324,324.5,325,325.5,326
1684198812111439136,322,321.5,321,320,319.5,324,324.5,325,325.5,326
1684198813226173843,322,321.5,321,320,319,324,324.5,325,325.5,326
1684198814012064843,322,321.5,321,320,319,324,324.5,325,325.5,326
1684198815387269694,322,321.5,321,320,319,324,324.5,325,325.5,326
1684198815824772339,322,321.5,321,320,319,324,324.5,325,325.5,326
1684198816533182309,322,321.5,321,320,319,324,324.5,325,325.5,326
1684198816567362945,322.5,322,321.5,321,320,324,324.5,325,325.5,326
1684198816599312111,322,321.5,321,320,319,324,324.5,325,325.5,326
1684198817438196793,322,321.5,321,320,319,324,324.5,325,325.5,326
1684198817748483484,322.5,322,321.5,321,320,324,324.5,325,325.5,326
1684198817905440158,322.5,322,321.5,321,320,323.5,324,324.5,325,325.5
1684198818264358592,322.5,322,321.5,321,320,324,324.5,325,325.5,326
1684198818460781253,324,322.5,322,321.5,321,324.5,325,325.5,326,326.5
1684198818504758469,322.5,322,321.5,321,320,324.5,325,325.5,326,326.5
1684198819267694959,324,322.5,322,321.5,321,324.5,325,325.5,326,326.5
1684198819280337913,324,322.5,322,321.5,320,324.5,325,325.5,326,326.5
1684198819304004631,322.5,322,321.5,320,319,324.5,325,325.5,326,326.5
1684198819338705763,322.5,322,321.5,320,319,324,324.5,325,325.5,326
1684198819366866778,322.5,322,321.5,320,319,324.5,325,325.5,326,326.5
1684198819498636961,323,322.5,322,321.5,320,324.5,325,325.5,326,326.5
1684198819656912191,324,323,322.5,322,321.5,324.5,325,325.5,326,326.5
1684198820594869015,323,322.5,322,321.5,320,324.5,325,325.5,326,326.5
1684198822273833775,323,322.5,322,321.5,320,324.5,325,325.5,326,326.5
1684198823646296859,323,322.5,322,321.5,320,324.5,325,325.5,326,326.5
1684198824612481184,323,322.5,322,321.5,320,324.5,325,325.5,326,326.5
1684198826832694365,323,322.5,322,321.5,320,324,324.5,325,325.5,326
1684198826991258807,323,322.5,322,321.5,320,324,324.5,325,325.5,326
1684198827208935006,323,322.5,322,321.5,320,324,324.5,325,325.5,326
1684198828514439555,323.5,323,322.5,322,321.5,324,324.5,325,325.5,326
1684198829727474867,323.5,323,322.5,322,321.5,324,324.5,325,325.5,326
1684198830242963640,323.5,323,322.5,322,321.5,324,324.5,325,325.5,326
1684198830275777540,323.5,323,322.5,322,321.5,324.5,325,325.5,326,326.5
1684198830275799401,323.5,323,322.5,322,321.5,324,324.5,325,325.5,326
1684198831669172359,323.5,323,322.5,322,321.5,324,324.5,325,325.5,326
1684198831703149883,323.5,323,322.5,322,321.5,324.5,325,325.5,326,326.5
1684198831748722544,323.5,323,322.5,322,321.5,324.5,325,325.5,326,326.5
1684198832064546550,324,323.5,323,322.5,322,324.5,325,325.5,326,326.5
1684198833046583955,324,323.5,323,322.5,322,324.5,325,325.5,326,326.5
1684198834480376671,324,323.5,323,322.5,322,324.5,325,325.5,326,326.5
1684198834521962407,324,323.5,323,322.5,322,325,325.5,326,326.5,327
1684198837867392377,324,323.5,323,322.5,322,325,325.5,326,326.5,327
1684198839660461770,324.5,324,323.5,323,322.5,325,325.5,326,326.5,327
1684198839693639663,324.5,324,323.5,323,322.5,325,325.5,326,326.5,327
1684198839728232773,324.5,324,323.5,323,322.5,325.5,326,326.5,327,327.5
1684198839749330979,324.5,324,323.5,323,322.5,325.5,326,326.5,327,327.5
1684198839826984874,324.5,324,323.5,323,322.5,325.5,326,326.5,327,327.5
1684198841598952284,324.5,324,323.5,323,322.5,325.5,326,326.5,327,327.5
1684198841643693514,324.5,324,323.5,323,322.5,325.5,326,326.5,327,327.5
1684198841643693514,324.5,324,323.5,323,322.5,325.5,326,326.5,327,327.5
1684198842614931146,324.5,324,323.5,323,322.5,325.5,326,326.5,327,327.5
1684198842649138492,324.5,324,323.5,323,322.5,326,326.5,327,327.5,328
1684198842677141720,325,324.5,324,323.5,323,326,326.5,327,327.5,328
1684198842677157239,325,324.5,324,323.5,323,326,326.5,327,327.5,328
1684198842708141875,325,324.5,324,323.5,323,326,326.5,327,327.5,328
1684198842708141875,325,324.5,324,323.5,323,326,326.5,327,327.5,328
1684198842739619195,325,324.5,324,323.5,323,326,326.5,327,327.5,328
1684198843705408159,325,324.5,324,323.5,323,326,326.5,327,327.5,328
1684198845794484509,325,324.5,324,323.5,323,326,326.5,327,327.5,328
1684198846219103599,325.5,325,324.5,324,323.5,326,326.5,327,327.5,328
1684198846251074206,325.5,325,324.5,324,323.5,326,326.5,327,327.5,328
1684198846283716974,325.5,325,324.5,324,323.5,326,326.5,327,327.5,328
1684198847338514388,325.5,325,324.5,324,323.5,326,326.5,327,327.5,328
1684198847771813122,325.5,325,324.5,324,323.5,326,326.5,327,327.5,328
1684198848045832802,325.5,325,324.5,324,323.5,326,326.5,327,327.5,328
1684198848477217243,325.5,325,324.5,324,323.5,326,326.5,327,327.5,328
1684198850241629903,325.5,325,324.5,324,323.5,326,326.5,327,327.5,328
1684198850672719680,325.5,325,324.5,324,323.5,326,326.5,327,327.5,328
1684198850748771718,325.5,325,324.5,324,323.5,326,326.5,327,327.5,328
1684198850954186260,325.5,325,324.5,324,323.5,326,326.5,327,327.5,328
1684198851359799823,325.5,325,324.5,324,323.5,326,326.5,327,327.5,328
1684198851527798446,325.5,325,324.5,324,323.5,326,326.5,327,327.5,328
1684198851594173578,325.5,325,324.5,324,323.5,326,326.5,327,327.5,328
1684198851632588942,325,324.5,324,323.5,323,326,326.5,327,327.5,328
1684198851664992001,325,324.5,324,323.5,323,326,326.5,327,327.5,328
1684198851700068427,325,324.5,324,323.5,323,326,326.5,327,327.5,328
1684198852007776488,325,324.5,324,323.5,323,326,326.5,327,327.5,328
1684198852296731826,325,324.5,324,323.5,323,325.5,326,326.5,327,327.5
1684198852342181997,325,324.5,324,323.5,323,325.5,326,326.5,327,327.5
1684198852380756210,325,324.5,324,323.5,323,325.5,326,326.5,327,327.5
1684198852964513059,325,324.5,324,323.5,323,325.5,326,326.5,327,327.5
1684198853620925651,325,324.5,324,323.5,323,325.5,326,326.5,327,327.5
1684198854411355085,325,324.5,324,323.5,323,325.5,326,326.5,327,327.5
1684198854445422728,325,324.5,324,323.5,323,325.5,326,326.5,327,327.5
1684198856439909513,325,324.5,324,323.5,323,326,326.5,327,327.5,328
1684198856471595675,325,324.5,324,323.5,323,326,326.5,327,327.5,328
1684198856502334079,325,324.5,324,323.5,323,326,326.5,327,327.5,328
1684198856789480090,325,324.5,324,323.5,323,326,326.5,327,327.5,328
1684198856854691747,325,324.5,324,323.5,323,326,326.5,327,327.5,328
1684198857085094989,325,324.5,324,323.5,323,325.5,326,326.5,327,327.5
1684198857116359901,325,324.5,324,323.5,323,325.5,326,326.5,327,327.5
1684198857149800727,325,324.5,324,323.5,323,325.5,326,326.5,327,327.5
1684198859214072676,325,324.5,324,323.5,323,326,326.5,327,327.5,328
1684198859243728667,325,324.5,324,323.5,323,326,326.5,327,327.5,328
1684198859243839555,324.5,324,323.5,323,322.5,326,326.5,327,327.5,328
1684198859275539403,324.5,324,323.5,323,322.5,326,326.5,327,327.5,328
1684198859275539403,324.5,324,323.5,323,322.5,326,326.5,327,327.5,328
1684198859306179953,324.5,324,323.5,323,322.5,326,326.5,327,327.5,328
1684198861313106691,324.5,324,323.5,323,322.5,325.5,326,326.5,327,327.5
1684198861348520461,324.5,324,323.5,323,322.5,325.5,326,326.5,327,327.5
1684198861348520461,324,323.5,323,322.5,322,325.5,326,326.5,327,327.5
1684198861393466356,324,323.5,323,322.5,322,325.5,326,326.5,327,327.5
1684198861393466356,324,323.5,323,322.5,322,325.5,326,326.5,327,327.5
1684198861424649444,324,323.5,323,322.5,322,326,326.5,327,327.5,328
1684198861424704166,324,323.5,323,322.5,322,326,326.5,327,327.5,328
1684198861457447804,324,323.5,323,322.5,322,326,326.5,327,327.5,328
1684198861493380168,324,323.5,323,322.5,322,326,326.5,327,327.5,328
1684198861549622117,325,324,323.5,323,322.5,326,326.5,327,327.5,328
1684198861582686326,325,324,323.5,323,322.5,326,326.5,327,327.5,328
1684198861582798046,324,323.5,323,322.5,322,326,326.5,327,327.5,328
1684198861618121617,324,323.5,323,322.5,322,326,326.5,327,327.5,328
1684198861618121617,324,323.5,323,322.5,322,326,326.5,327,327.5,328
1684198861659525893,324,323.5,323,322.5,322,326,326.5,327,327.5,328
1684198861883739004,324,323.5,323,322.5,322,326,326.5,327,327.5,328
1684198861905107428,324.5,324,323.5,323,322.5,326,326.5,327,327.5,328
1684198861925557648,324.5,324,323.5,323,322.5,326,326.5,327,327.5,328
1684198861948096258,324.5,324,323.5,323,322.5,326,326.5,327,327.5,328
1684198862549166159,324.5,324,323.5,323,322.5,326,326.5,327,327.5,328
1684198864850243579,324.5,324,323.5,323,322.5,325,326,326.5,327,327.5
1684198864887302077,324,323.5,323,322.5,322,325,326,326.5,327,327.5
1684198864887302077,324,323.5,323,322.5,322,325,326,326.5,327,327.5
1684198864918021995,324,323.5,323,322.5,322,325,326,326.5,327,327.5
1684198864918021995,324,323.5,323,322.5,322,325,326,326.5,327,327.5
1684198864959665440,324,323.5,323,322.5,322,325,326,326.5,327,327.5
1684198865797603249,324,323.5,323,322.5,322,325,325.5,326,326.5,327
1684198866412807273,324,323.5,323,322.5,322,325,325.5,326,326.5,327
1684198866445174715,323.5,323,322.5,322,321.5,325,325.5,326,326.5,327
1684198866468182936,323.5,323,322.5,322,321.5,325,325.5,326,326.5,327
1684198866490667054,323.5,323,322.5,322,321.5,325,325.5,326,326.5,327
1684198866591983419,323.5,323,322.5,322,321.5,325,325.5,326,326.5,327
1684198866872738043,323.5,323,322.5,322,321.5,325,325.5,326,326.5,327
1684198867849357490,323.5,323,322.5,322,321.5,325,325.5,326,326.5,327
1684198869370975069,323.5,323,322.5,322,321.5,325,325.5,326,326.5,327
1684198869422205962,323.5,323,322.5,322,321.5,325,325.5,326,326.5,327
1684198872874665633,323.5,323,322.5,322,321.5,324,325,325.5,326,326.5
1684198872909955350,323.5,323,322.5,322,321.5,324,325,325.5,326,326.5
1684198872910006867,323,322.5,322,321.5,320,324,325,325.5,326,326.5
1684198872938678781,323,322.5,322,321.5,320,324,325,325.5,326,326.5
1684198872938678781,323,322.5,322,321.5,320,324,325,325.5,326,326.5
1684198872959317474,323,322.5,322,321.5,320,324,325,325.5,326,326.5
1684198872972682474,323,322.5,322,321.5,320,324,325,325.5,326,326.5
1684198873053254316,323,322.5,322,321.5,320,324,325,325.5,326,326.5
1684198874261700448,323,322.5,322,321.5,320,324,325,325.5,326,326.5
1684198875656421463,323,322.5,322,321.5,320,324,325,325.5,326,326.5
1684198876672295992,323,322.5,322,321.5,320,324,325,325.5,326,326.5
1684198876901720758,323,322.5,322,321.5,320,324,325,325.5,326,326.5
1684198878203238097,323.5,323,322.5,322,321.5,324,325,325.5,326,326.5
1684198878246299674,323.5,323,322.5,322,321.5,324,325,325.5,326,326.5
1684198878246299674,323,322.5,322,321.5,320,324,325,325.5,326,326.5
1684198878280408404,323,322.5,322,321.5,320,324,325,325.5,326,326.5
1684198878280408404,323,322.5,322,321.5,320,324,325,325.5,326,326.5
1684198878312872196,323,322.5,322,321.5,320,324,325,325.5,326,326.5
1684198878957892344,323,322.5,322,321.5,320,324,325,325.5,326,326.5
1684198879216007928,323,322.5,322,321.5,320,324,325,325.5,326,326.5
1684198879808910268,323,322.5,322,321.5,320,324,325,325.5,326,326.5
1684198880087643748,323.5,323,322.5,322,321.5,324,325,325.5,326,326.5
1684198880122602924,323.5,323,322.5,322,321.5,324,325,325.5,326,326.5
1684198880122602924,323,322.5,322,321.5,320,324,325,325.5,326,326.5
1684198880164279531,323,322.5,322,321.5,320,324,325,325.5,326,326.5
1684198880164330888,323,322.5,322,321.5,320,324,325,325.5,326,326.5
1684198880207374952,323,322.5,322,321.5,320,324,325,325.5,326,326.5
1684198880691414320,323,322.5,322,321.5,320,324,325,325.5,326,326.5
1684198882001286253,323,322.5,322,321.5,321,324,325,325.5,326,326.5
1684198882139480016,323,322.5,322,321.5,321,324,325,325.5,326,326.5
1684198882521428495,323,322.5,322,321.5,321,324,325,325.5,326,326.5
1684198883882596103,323,322.5,322,321.5,321,324,325,325.5,326,326.5
1684198884844932409,323,322.5,322,321.5,321,324,325,325.5,326,326.5
1684198884934066044,323.5,323,322.5,322,321.5,324,325,325.5,326,326.5
1684198884959227979,323.5,323,322.5,322,321.5,324,325,325.5,326,326.5
1684198884959227979,323,322.5,322,321.5,321,324,325,325.5,326,326.5
1684198884979291443,323,322.5,322,321.5,321,324,325,325.5,326,326.5
1684198884993122657,323,322.5,322,321.5,321,324,325,325.5,326,326.5
1684198884999565582,323,322.5,322,321.5,321,324,325,325.5,326,326.5
1684198888032824678,323,322.5,322,321.5,321,325,325.5,326,326.5,327
1684198888053330672,323,322.5,322,321.5,321,325,325.5,326,326.5,327
1684198888084989103,323.5,323,322.5,322,321.5,325,325.5,326,326.5,327
1684198888085013158,323.5,323,322.5,322,321.5,325,325.5,326,326.5,327
1684198888117599601,323.5,323,322.5,322,321.5,325,325.5,326,326.5,327
1684198888142312803,323.5,323,322.5,322,321.5,325,325.5,326,326.5,327
1684198888521177553,323.5,323,322.5,322,321.5,325,325.5,326,326.5,327
1684198889654259861,323.5,323,322.5,322,321.5,325,325.5,326,326.5,327
1684198890573199462,323.5,323,322.5,322,321.5,324.5,325,325.5,326,326.5
1684198890614394815,323.5,323,322.5,322,321.5,324.5,325,325.5,326,326.5
1684198890657182328,323.5,323,322.5,322,321.5,324.5,325,325.5,326,326.5
1684198890841767909,323.5,323,322.5,322,321.5,324.5,325,325.5,326,326.5
1684198893708945772,323.5,323,322.5,322,321.5,324.5,325,325.5,326,326.5
1684198894007674568,323.5,323,322.5,322,321.5,324.5,325,325.5,326,326.5
1684198897613971606,324,323.5,323,322.5,322,324.5,325,325.5,326,326.5
1684198897646450717,324,323.5,323,322.5,322,324.5,325,325.5,326,326.5
1684198897678007056,324,323.5,323,322.5,322,324.5,325,325.5,326,326.5
1684198897751523384,324,323.5,323,322.5,322,324.5,325,325.5,326,326.5
1684198897875490150,324,323.5,323,322.5,322,324.5,325,325.5,326,326.5
1684198898052881696,324,323.5,323,322.5,322,324.5,325,325.5,326,326.5
1684198898575000599,324,323.5,323,322.5,322,324.5,325,325.5,326,326.5
1684198902376014139,324,323.5,323,322.5,322,324.5,325,325.5,326,326.5
1684198902925941396,324,323.5,323,322.5,322,324.5,325,325.5,326,326.5
1684198902938264178,324,323.5,323,322.5,322,324.5,325,325.5,326,326.5
1684198903269889820,324,323.5,323,322.5,322,324.5,325,325.5,326,326.5
1684198905125468720,324,323.5,323,322.5,322,324.5,325,325.5,326,326.5
1684198905903667738,324,323.5,323,322.5,322,324.5,325,325.5,326,326.5
1684198906421842858,324,323.5,323,322.5,322,325,325.5,326,326.5,327
1684198906454724264,324,323.5,323,322.5,322,325,325.5,326,326.5,327
1684198906477481786,324,323.5,323,322.5,322,325,325.5,326,326.5,327
1684198907263331896,324,323.5,323,322.5,322,324.5,325,325.5,326,326.5
1684198907292407348,324,323.5,323,322.5,322,324.5,325,325.5,326,326.5
1684198907313741958,324,323.5,323,322.5,322,324.5,325,325.5,326,326.5
1684198907567882772,324,323.5,323,322.5,322,324.5,325,325.5,326,326.5
1684198907936620772,324,323.5,323,322,321.5,324.5,325,325.5,326,326.5
1684198907984322801,324,323.5,323,322,321.5,325,325.5,326,326.5,327
1684198908016291554,324,323.5,323,322,321.5,325,325.5,326,326.5,327
1684198908049949368,324,323.5,323,322.5,322,325,325.5,326,326.5,327
1684198908139133558,324,323.5,323,322.5,322,324.5,325,325.5,326,326.5
1684198908171815299,324,323.5,323,322,321.5,324.5,325,325.5,326,326.5
1684198908203645763,324,323.5,323,322,321.5,324.5,325,325.5,326,326.5
1684198909578945113,324,323.5,323,322,321.5,324.5,325,325.5,326,326.5
1684198910950029871,324,323.5,323,322,321.5,324.5,325,325.5,326,326.5
1684198911743700433,324,323.5,323,322,321.5,324.5,325,325.5,326,326.5
1684198912316089296,324,323.5,323,322,321.5,324.5,325,325.5,326,326.5
1684198913794864886,324,323.5,323,322,321.5,324.5,325,325.5,326,326.5
1684198914497949506,323.5,323,322,321.5,321,324,324.5,325,325.5,326
1684198914530008569,323.5,323,322,321.5,321,324,324.5,325,325.5,326
1684198914562807581,323.5,323,322,321.5,321,324,324.5,325,325.5,326
1684198914562922947,323.5,323,322,321.5,321,324,324.5,325,325.5,326
1684198916364165327,323.5,323,322,321.5,321,324,324.5,325,325.5,326
1684198917926664878,323.5,323,322,321.5,321,324,324.5,325,325.5,326
1684198918043368248,323,322,321.5,321,320,324,324.5,325,325.5,326
1684198918076185194,323,322,321.5,321,320,324,324.5,325,325.5,326
1684198918076185194,322,321.5,321,320,319,324,324.5,325,325.5,326
1684198918110160824,322,321.5,321,320,319,324,324.5,325,325.5,326
1684198918110160824,322,321.5,321,320,319,324,324.5,325,325.5,326
1684198918126286967,322,321.5,321,320,319,324,324.5,325,325.5,326
1684198918136683424,322,321.5,321,320,319,324,324.5,325,325.5,326
1684198918159079406,322.5,322,321.5,321,320,324,324.5,325,325.5,326
1684198918159079406,322,321.5,321,320,319,324,324.5,325,325.5,326
1684198918170860262,322,321.5,321,320,319,324,324.5,325,325.5,326
1684198918178902469,322,321.5,321,320,319,324,324.5,325,325.5,326
1684198918190872209,322.5,322,321.5,321,320,324,324.5,325,325.5,326
1684198918190872209,322.5,322,321.5,321,320,324,324.5,325,325.5,326
1684198918190923976,322.5,322,321.5,321,320,324,324.5,325,325.5,326
1684198918211513949,322.5,322,321.5,321,320,324,324.5,325,325.5,326
1684198918211513949,322.5,322,321.5,321,320,324,324.5,325,325.5,326
1684198918243592718,323,322.5,322,321.5,321,324,324.5,325,325.5,326
1684198918243592718,323,322.5,322,321.5,321,324,324.5,325,325.5,326
1684198918276031063,323,322.5,322,321.5,321,324,324.5,325,325.5,326
1684198918286210352,323,322.5,322,321.5,321,324,324.5,325,325.5,326
1684198918309103819,323,322.5,322,321.5,321,324,324.5,325,325.5,326
1684198919226321098,323,322.5,322,321.5,321,324,324.5,325,325.5,326
1684198920670508189,323,322.5,322,321.5,321,324,324.5,325,325.5,326
1684198921100164077,323,322.5,322,321.5,321,324,324.5,325,325.5,326
1684198921899186467,323,322.5,322,321.5,321,324,324.5,325,325.5,326
1684198921933751524,323,322.5,322,321.5,321,324,324.5,325,325.5,326
1684198922748012710,323,322.5,322,321.5,321,324,324.5,325,325.5,326
1684198922790684976,323,322.5,322,321.5,321,324,324.5,325,325.5,326
1684198925393867424,322.5,322,321.5,321,320,324,324.5,325,325.5,326
1684198925412100001,322.5,322,321.5,321,320,324,324.5,325,325.5,326
1684198925432585357,322.5,322,321.5,321,320,324,324.5,325,325.5,326
1684198925546583248,322.5,322,321.5,321,320,324,324.5,325,325.5,326
1684198925609743075,322.5,322,321.5,321,320,324,324.5,325,325.5,326
1684198927726342698,322.5,322,321.5,321,320,324,324.5,325,325.5,326
1684198927747165999,322.5,322,321.5,321,320,324,324.5,325,325.5,326
1684198927911946562,322.5,322,321.5,321,320,323.5,324,324.5,325,325.5
1684198927947694510,322.5,322,321.5,321,320,323.5,324,324.5,325,325.5
1684198927977927644,322.5,322,321.5,321,320,323.5,324,324.5,325,325.5
1684198928044826109,322.5,322,321.5,321,320,323.5,324,324.5,325,325.5
1684198928910084851,322.5,322,321.5,321,320,323.5,324,324.5,325,325.5
1684198929395571578,323,322.5,322,321.5,321,323.5,324,324.5,325,325.5
1684198929436393070,323,322.5,322,321.5,321,323.5,324,324.5,325,325.5
1684198929469168558,323,322.5,322,321.5,321,323.5,324,324.5,325,325.5
1684198931877132594,322.5,322,321.5,321,320,323.5,324,324.5,325,325.5
1684198931909457836,322.5,322,321.5,321,320,323.5,324,324.5,325,325.5
1684198931928212633,322.5,322,321.5,321,320,323.5,324,324.5,325,325.5
1684198934086697116,323,322.5,322,321.5,321,323.5,324,324.5,325,325.5
1684198934118303800,323,322.5,322,321.5,321,323.5,324,324.5,325,325.5
1684198934140055874,323,322.5,322,321.5,321,323.5,324,324.5,325,325.5
1684198936112362205,323,322.5,322,321.5,321,323.5,324,324.5,325,325.5
1684198938712208553,323,322.5,322,321.5,321,323.5,324,324.5,325,325.5
1684198938753362990,323,322.5,322,321.5,321,323.5,324,324.5,325,325.5
1684198939945838849,323,322.5,322,321.5,321,323.5,324,324.5,325,325.5
1684198940169784089,323,322.5,322,321.5,321,323.5,324,324.5,325,325.5
1684198947388775226,323,322.5,322,321.5,321,323.5,324,324.5,325,325.5
1684198948404179309,323,322.5,322,321.5,321,323.5,324,324.5,325,325.5
1684198948467858841,323,322.5,322,321.5,321,323.5,324,324.5,325,325.5
1684198948535033034,323,322.5,322,321.5,321,323.5,324,324.5,325,325.5
1684198949757968845,323,322.5,322,321.5,321,323.5,324,324.5,325,325.5
1684198952278116341,323,322.5,322,321.5,321,323.5,324,324.5,325,325.5
1684198953268260536,323,322.5,322,321.5,321,323.5,324,324.5,325,325.5
1684198954456880448,323,322.5,322,321.5,321,323.5,324,324.5,325,325.5
1684198954632268775,323,322.5,322,321.5,321,323.5,324,324.5,325,325.5
1684198954726864815,323,322.5,322,321.5,321,323.5,324,324.5,325,325.5
1684198954967301324,323,322.5,322,321.5,321,323.5,324,324.5,325,325.5
1684198959330617804,323,322.5,322,321.5,321,323.5,324,324.5,325,325.5
1684198960383041102,323,322.5,322,321.5,321,323.5,324,324.5,325,325.5
1684198962135271652,323,322.5,322,321.5,321,323.5,324,324.5,325,325.5
1684198964060320234,323,322.5,322,321.5,321,323.5,324,324.5,325,325.5
1684198965594341601,323,322.5,322,321.5,321,323.5,324,324.5,325,325.5
1684198966741514789,323,322.5,322,321.5,321,323.5,324,324.5,325,325.5
1684198966763717248,323,322.5,322,321.5,321,323.5,324,324.5,325,325.5
1684198967083648689,323,322.5,322,321.5,321,323.5,324,324.5,325,325.5
1684198968184168767,322.5,322,321.5,321,320.5,323,323.5,324,324.5,325
1684198968216920360,322.5,322,321.5,321,320.5,323,323.5,324,324.5,325
1684198968216920360,322.5,322,321.5,321,320.5,323,323.5,324,324.5,325
1684198968216920360,322.5,322,321.5,321,320.5,323,323.5,324,324.5,325
1684198968216920360,322.5,322,321.5,321,320.5,323,323.5,324,324.5,325
1684198968247540892,322.5,322,321.5,321,320.5,323,323.5,324,324.5,325
1684198968247540892,322.5,322,321.5,321,320.5,323,323.5,324,324.5,325
1684198971994343258,322.5,322,321.5,321,320.5,323,323.5,324,324.5,325
1684198975698468109,322.5,322,321.5,321,320.5,323,323.5,324,324.5,325
1684198979044935389,322.5,322,321.5,321,320.5,323,323.5,324,324.5,325
1684198979226960095,322.5,322,321.5,321,320.5,323,323.5,324,324.5,325
1684198980405585247,322.5,322,321.5,321,320.5,323,323.5,324,324.5,325
1684198980642362577,322.5,322,321.5,321,320.5,323,323.5,324,324.5,325
1684198981242370652,322.5,322,321.5,321,320.5,323,323.5,324,324.5,325
1684198983241587759,322.5,322,321.5,321,320.5,323,323.5,324,324.5,325
1684198984379717853,322.5,322,321.5,321,320.5,323,323.5,324,324.5,325
1684198984445401728,322.5,322,321.5,321,320.5,323,323.5,324,324.5,325
1684198984776091926,322.5,322,321.5,321,320.5,323,323.5,324,324.5,325
1684198986405230484,322,321.5,321,320.5,320,322.5,323,323.5,324,324.5
1684198986427801055,322,321.5,321,320.5,320,322.5,323,323.5,324,324.5
1684198986427827435,322,321.5,321,320.5,320,322.5,323,323.5,324,324.5
1684198986450377146,322,321.5,321,320.5,320,322.5,323,323.5,324,324.5
1684198986450431899,322,321.5,321,320.5,320,322.5,323,323.5,324,324.5
1684198986450431899,322,321.5,321,320.5,320,323,323.5,324,324.5,325
1684198986483240138,322,321.5,321,320.5,320,323,323.5,324,324.5,325
1684198986517280360,322,321.5,321,320.5,320,323,323.5,324,324.5,325
1684198986829201604,322,321.5,321,320.5,320,322.5,323,323.5,324,324.5
1684198986851890326,322,321.5,321,320.5,320,322.5,323,323.5,324,324.5
1684198986851890326,322,321.5,321,320.5,320,323,323.5,324,324.5,325
1684198986851925182,322.5,322,321.5,321,320.5,323,323.5,324,324.5,325
1684198986874406525,322.5,322,321.5,321,320.5,323,323.5,324,324.5,325
1684198986898132404,322.5,322,321.5,321,320.5,323,323.5,324,324.5,325
1684198986898132404,322.5,322,321.5,321,320.5,323,323.5,324,324.5,325
1684198987479607217,322.5,322,321.5,321,320.5,323,323.5,324,324.5,325
1684198988519896520,322.5,322,321.5,321,320.5,323,323.5,324,324.5,325
1684198988542398121,322.5,322,321.5,321,320.5,323.5,324,324.5,325,325.5
1684198988565215875,322.5,322,321.5,321,320.5,323.5,324,324.5,325,325.5
1684198988597668006,322.5,322,321.5,321,320.5,323.5,324,324.5,325,325.5
1684198989566461814,322.5,322,321.5,321,320.5,323.5,324,324.5,325,325.5
1684198992358948087,322,321.5,321,320.5,320,323.5,324,324.5,325,325.5
1684198992381419432,322.5,322,321.5,321,320.5,323.5,324,324.5,325,325.5
1684198992381419432,322.5,322,321.5,321,320.5,323.5,324,324.5,325,325.5
1684198992381419432,322.5,322,321.5,321,320.5,323.5,324,324.5,325,325.5
1684198992414160114,322.5,322,321.5,321,320.5,323.5,324,324.5,325,325.5
1684198995761825879,323,322.5,322,321.5,321,323.5,324,324.5,325,325.5
1684198995795534408,323,322.5,322,321.5,321,323.5,324,324.5,325,325.5
1684198995828447394,323,322.5,322,321.5,321,323.5,324,324.5,325,325.5
1684198999076538183,323,322.5,322,321.5,321,323.5,324,324.5,325,325.5
1684198999212646833,322.5,322,321.5,321,320.5,323,323.5,324,324.5,325
1684198999247650944,322.5,322,321.5,321,320.5,323,323.5,324,324.5,325
1684198999247650944,322.5,322,321.5,321,320.5,323.5,324,324.5,325,325.5
1684198999278095907,322.5,322,321.5,321,320.5,323.5,324,324.5,325,325.5
1684198999278095907,322.5,322,321.5,321,320.5,323.5,324,324.5,325,325.5
1684198999278095907,322.5,322,321.5,321,320.5,323.5,324,324.5,325,325.5
1684198999278095907,322.5,322,321.5,321,320.5,323.5,324,324.5,325,325.5
1684198999298758135,322.5,322,321.5,321,320.5,323.5,324,324.5,325,325.5
1684199003288222099,322.5,322,321.5,321,320.5,323,323.5,324,324.5,325
1684199003317410362,322.5,322,321.5,321,320.5,323,323.5,324,324.5,325
1684199003349654493,322.5,322,321.5,321,320.5,323,323.5,324,324.5,325
1684199003711280455,322.5,322,321.5,321,320.5,323,323.5,324,324.5,325
1684199005928011415,322.5,322,321.5,321,320.5,323,323.5,324,324.5,325
1684199009359495853,322.5,322,321.5,321,320.5,323,323.5,324,324.5,325
1684199009359608154,322.5,322,321.5,321,320.5,323,323.5,324,324.5,325
1684199009457798742,322.5,322,321.5,321,320.5,323.5,324,324.5,325,325.5
1684199009488465251,322.5,322,321.5,321,320.5,323.5,324,324.5,325,325.5
1684199009508960976,323,322.5,322,321.5,321,323.5,324,324.5,325,325.5
1684199009519157788,323,322.5,322,321.5,321,323.5,324,324.5,325,325.5
1684199009539813695,323,322.5,322,321.5,321,323.5,324,324.5,325,325.5
1684199009549928964,323,322.5,322,321.5,321,323.5,324,324.5,325,325.5
1684199013250734185,323,322.5,322,321.5,321,323.5,324,324.5,325,325.5
1684199014410854683,323,322.5,322,321.5,321,323.5,324,324.5,325,325.5
1684199015112435537,323,322.5,322,321.5,321,323.5,324,324.5,325,325.5
1684199016380899203,323,322.5,322,321.5,321,323.5,324,324.5,325,325.5
1684199019834319563,323,322.5,322,321.5,321,323.5,324,324.5,325,325.5
1684199021557607930,323,322.5,322,321.5,321,323.5,324,324.5,325,325.5
1684199023990008620,323,322.5,322,321.5,321,323.5,324,324.5,325,325.5
1684199026906947090,323,322.5,322,321.5,321,323.5,324,324.5,325,325.5
1684199030108122836,323,322.5,322,321.5,321,323.5,324,324.5,325,325.5
1684199032549499558,323,322.5,322,321.5,321,323.5,324,324.5,325,325.5
1684199032571844405,322.5,322,321.5,321,320.5,323,323.5,324,324.5,325
1684199032606225838,322.5,322,321.5,321,320.5,323,323.5,324,324.5,325
1684199032637454061,322.5,322,321.5,321,320.5,323,323.5,324,324.5,325
1684199032637454061,322.5,322,321.5,321,320.5,323,323.5,324,324.5,325
1684199038790587723,322.5,322,321.5,321,320.5,323,323.5,324,324.5,325
1684199039757364809,322.5,322,321.5,321,320.5,323,323.5,324,324.5,325
1684199043030090837,322.5,322,321.5,321,320.5,323,323.5,324,324.5,325
1684199047468117472,322.5,322,321.5,321,320.5,323,323.5,324,324.5,325
1684199048643523999,322.5,322,321.5,321,320.5,323,323.5,324,324.5,325
1684199048675509023,322.5,322,321.5,321,320.5,323,323.5,324,324.5,325
1684199052478456335,322.5,322,321.5,321,320.5,323,323.5,324,324.5,325
1684199052512366192,322,321.5,321,320.5,320,323,323.5,324,324.5,325
1684199052547174657,322,321.5,321,320.5,320,323,323.5,324,324.5,325
1684199052547354133,322,321.5,321,320.5,320,323,323.5,324,324.5,325
1684199052557489761,322,321.5,321,320.5,320,323,323.5,324,324.5,325
1684199052569749826,322,321.5,321,320.5,320,323,323.5,324,324.5,325
1684199053057296525,322,321.5,321,320.5,320,322.5,323,323.5,324,324.5
1684199053090861155,322,321.5,321,320.5,320,322.5,323,323.5,324,324.5
1684199053112649988,322,321.5,321,320.5,320,322.5,323,323.5,324,324.5
1684199053357242340,321.5,321,320.5,320,319,322.5,323,323.5,324,324.5
1684199053390166237,321.5,321,320.5,320,319,322.5,323,323.5,324,324.5
1684199053390166237,321.5,321,320.5,320,319,322.5,323,323.5,324,324.5
1684199053402761501,321.5,321,320.5,320,319,322.5,323,323.5,324,324.5
1684199053413096533,321.5,321,320.5,320,319,322.5,323,323.5,324,324.5
1684199053589510306,321.5,321,320.5,320,319,322.5,323,323.5,324,324.5
1684199059618942751,322,321.5,321,320.5,320,322.5,323,323.5,324,324.5
1684199059639417207,322,321.5,321,320.5,320,322.5,323,323.5,324,324.5
1684199059639417207,322,321.5,321,320.5,320,323,323.5,324,324.5,325
1684199059669212380,322,321.5,321,320.5,320,323,323.5,324,324.5,325
1684199059669212380,322,321.5,321,320.5,320,323,323.5,324,324.5,325
1684199059699963107,322,321.5,321,320.5,320,323,323.5,324,324.5,325
1684199060264203831,322,321.5,321,320.5,320,322.5,323,323.5,324,324.5
1684199060297907090,322,321.5,321,320.5,320,322.5,323,323.5,324,324.5
1684199060332234031,322,321.5,321,320.5,320,322.5,323,323.5,324,324.5
1684199062645908269,322,321.5,321,320.5,320,322.5,323,323.5,324,324.5
1684199064812718467,322,321.5,321,320.5,320,322.5,323,323.5,324,324.5
1684199066027685691,322,321.5,321,320.5,320,322.5,323,323.5,324,324.5
1684199069990262474,322,321.5,321,320.5,320,322.5,323,323.5,324,324.5
1684199071476994511,322,321.5,321,320.5,320,322.5,323,323.5,324,324.5
1684199072096746996,322,321.5,321,320.5,320,322.5,323,323.5,324,324.5
1684199073030853774,322,321.5,321,320.5,320,322.5,323,323.5,324,324.5
1684199073737973720,322,321.5,321,320.5,320,322.5,323,323.5,324,324.5
1684199074542867142,322,321.5,321,320.5,320,322.5,323,323.5,324,324.5
1684199075201252550,322,321.5,321,320.5,320,322.5,323,323.5,324,324.5
1684199077220775324,322,321.5,321,320.5,320,322.5,323,323.5,324,324.5
1684199081308806330,322,321.5,321,320.5,320,322.5,323,323.5,324,324.5
1684199083671866112,322,321.5,321,320.5,320,322.5,323,323.5,324,324.5
1684199083955567723,322,321.5,321,320.5,320,322.5,323,323.5,324,324.5
1684199093944608512,322,321.5,321,320.5,320,322.5,323,323.5,324,324.5
1684199095535158516,322,321.5,321,320.5,320,322.5,323,323.5,324,324.5
1684199097462428991,322,321.5,321,320.5,320,322.5,323,323.5,324,324.5
1684199102349271671,322,321.5,321,320.5,320,322.5,323,323.5,324,324.5
1684199103644996293,322,321.5,321,320.5,320,322.5,323,323.5,324,324.5
1684199103924922907,322,321.5,321,320.5,320,322.5,323,323.5,324,324.5
1684199104396957319,322,321.5,321,320.5,320,322.5,323,323.5,324,324.5
1684199106420420144,322,321.5,321,320.5,320,322.5,323,323.5,324,324.5
1684199108287484609,322,321.5,321,320.5,320,322.5,323,323.5,324,324.5
1684199109425790895,322,321.5,321,320.5,320,322.5,323,323.5,324,324.5
1684199109467610872,322,321.5,321,320.5,320,322.5,323,323.5,324,324.5
1684199112997549766,322,321.5,321,320.5,320,322.5,323,323.5,324,324.5
1684199113891534889,321.5,321,320.5,320,319.5,322.5,323,323.5,324,324.5
1684199113914050496,321.5,321,320.5,320,319.5,322.5,323,323.5,324,324.5
1684199113914075213,321.5,321,320.5,320,319.5,322.5,323,323.5,324,324.5
1684199113926857178,321.5,321,320.5,320,319,322.5,323,323.5,324,324.5
1684199113934577852,321.5,321,320.5,320,319,322.5,323,323.5,324,324.5
1684199114444582673,321.5,321,320.5,320,319,322,322.5,323,323.5,324
1684199114475381992,321.5,321,320.5,320,319,322,322.5,323,323.5,324
1684199116136370229,321.5,321,320.5,320,319,322,322.5,323,323.5,324
1684199116558441197,321.5,321,320.5,320,319,322,322.5,323,323.5,324
1684199116765141888,321.5,321,320.5,320,319,322,322.5,323,323.5,324
1684199117343436087,322,321.5,321,320.5,320,322.5,323,323.5,324,324.5
1684199117375262253,322,321.5,321,320.5,320,322.5,323,323.5,324,324.5
1684199117375262253,322,321.5,321,320.5,320,322.5,323,323.5,324,324.5
1684199118251805212,322,321.5,321,320.5,320,322.5,323,323.5,324,324.5
1684199120299753656,322,321.5,321,320.5,320,322.5,323,323.5,324,324.5
1684199120654004076,322,321.5,321,320.5,320,322.5,323,323.5,324,324.5
1684199120911138374,322,321.5,321,320.5,320,322.5,323,323.5,324,324.5
1684199122802788836,322,321.5,321,320.5,320,322.5,323,323.5,324,324.5
1684199123434584832,322,321.5,321,320.5,320,322.5,323,323.5,324,324.5
1684199124152267771,321.5,321,320.5,320,319.5,322,322.5,323,323.5,324
1684199124197309716,321.5,321,320.5,320,319,322,322.5,323,323.5,324
1684199124958010210,321.5,321,320.5,320,319,322,322.5,323,323.5,324
1684199126976731788,321.5,321,320.5,320,319,322,322.5,323,323.5,324
1684199130650864747,321.5,321,320.5,320,319,322,322.5,323,323.5,324
1684199131384932835,321.5,321,320.5,320,319,322,322.5,323,323.5,324
1684199135133608000,321.5,321,320.5,320,319,322,322.5,323,323.5,324
1684199136803819756,321.5,321,320.5,320,319,322,322.5,323,323.5,324
1684199138792836743,321.5,321,320.5,320,319,322,322.5,323,323.5,324
1684199138926508630,321.5,321,320.5,320,319,322,322.5,323,323.5,324
1684199138995238875,321.5,321,320.5,320,319,322,322.5,323,323.5,324
1684199141730653687,321.5,321,320.5,320,319,322,322.5,323,323.5,324
1684199145819255578,321.5,321,320.5,320,319,322,322.5,323,323.5,324
1684199148082055629,321.5,321,320.5,320,319,322,322.5,323,323.5,324
1684199148590008631,321.5,321,320.5,320,319,322,322.5,323,323.5,324
1684199150857674056,321.5,321,320.5,320,319,322,322.5,323,323.5,324
1684199151183209863,321.5,321,320.5,320,319,322,322.5,323,323.5,324
1684199151800071985,321.5,321,320.5,320,319,322,322.5,323,323.5,324
1684199152045237095,321.5,321,320.5,320,319,322,322.5,323,323.5,324
1684199152672796650,321.5,321,320.5,320,319,322,322.5,323,323.5,324
1684199153197193681,321.5,321,320.5,320,319,322,322.5,323,323.5,324
1684199157125496943,321.5,321,320.5,320,319,322,322.5,323,323.5,324
1684199160157779359,321.5,321,320.5,320,319,322,322.5,323,323.5,324
1684199162823924178,321.5,321,320.5,320,319,322,322.5,323,323.5,324
1684199163586790429,321.5,321,320.5,320,319,322,322.5,323,323.5,324
1684199165730178456,321.5,321,320.5,320,319,322,322.5,323,323.5,324
1684199169742123220,321.5,321,320.5,320,319,322,322.5,323,323.5,324
1684199171809673921,321.5,321,320.5,320,319,322,322.5,323,323.5,324
1684199173447102940,321.5,321,320.5,320,319,322,322.5,323,323.5,324
1684199173835924802,321.5,321,320.5,320,319,322,322.5,323,323.5,324
1684199174021388687,321.5,321,320.5,320,319,322,322.5,323,323.5,324
1684199174123503142,321.5,321,320.5,320,319,322,322.5,323,323.5,324
1684199174321785361,321.5,321,320.5,320,319,322,322.5,323,323.5,324
1684199174561180770,321.5,321,320.5,320,319,322,322.5,323,323.5,324
1684199174923599887,321.5,321,320.5,320,319,322,322.5,323,323.5,324
1684199175354596392,321.5,321,320.5,320,319,322,322.5,323,323.5,324
1684199179087734624,321.5,321,320.5,320,319,322,322.5,323,323.5,324
1684199179120817590,321.5,321,320.5,320,319,322.5,323,323.5,324,324.5
1684199181263538337,321.5,321,320.5,320,319,322.5,323,323.5,324,324.5
1684199181400472829,321.5,321,320.5,320,319,322.5,323,323.5,324,324.5
1684199181420925434,321.5,321,320.5,320,319,322.5,323,323.5,324,324.5
1684199181527751656,321.5,321,320.5,320,319,322.5,323,323.5,324,324.5
1684199184772603937,322,321.5,321,320.5,320,322.5,323,323.5,324,324.5
1684199184805303734,322,321.5,321,320.5,320,322.5,323,323.5,324,324.5
1684199184828255520,322,321.5,321,320.5,320,322.5,323,323.5,324,324.5
1684199184860643090,322,321.5,321,320.5,320,323,323.5,324,324.5,325
1684199186561561558,322,321.5,321,320.5,320,323,323.5,324,324.5,325
1684199186908141421,322,321.5,321,320.5,320,323,323.5,324,324.5,325
1684199192038911816,322,321.5,321,320.5,320,323,323.5,324,324.5,325
1684199198112316190,322,321.5,321,320.5,320,323,323.5,324,324.5,325
1684199201271466691,322,321.5,321,320.5,320,323,323.5,324,324.5,325
1684199202780857211,322,321.5,321,320.5,320,323,323.5,324,324.5,325
1684199205337288619,322,321.5,321,320.5,320,323,323.5,324,324.5,325
1684199206003357458,322,321.5,321,320.5,320,323,323.5,324,324.5,325
1684199206561413219,322,321.5,321,320.5,320,323,323.5,324,324.5,325
1684199208139232168,322,321.5,321,320.5,320,323,323.5,324,324.5,325
1684199210109896715,322,321.5,321,320.5,320,323,323.5,324,324.5,325
1684199211495154446,322,321.5,321,320.5,320,323,323.5,324,324.5,325
1684199212324708081,322,321.5,321,320.5,320,323,323.5,324,324.5,325
1684199215366835222,322,321.5,321,320.5,320,323,323.5,324,324.5,325
1684199216976779070,322,321.5,321,320.5,320,323,323.5,324,324.5,325
1684199218183960384,322,321.5,321,320.5,320,323,323.5,324,324.5,325
1684199219649341609,322,321.5,321,320.5,320,323,323.5,324,324.5,325
1684199222022915648,322,321.5,321,320.5,320,323,323.5,324,324.5,325
1684199231103088003,322.5,322,321.5,321,320.5,323,323.5,324,324.5,325
1684199231136723235,322.5,322,321.5,321,320.5,323,323.5,324,324.5,325
1684199235282334159,322.5,322,321.5,321,320.5,323,323.5,324,324.5,325
1684199237936165279,322.5,322,321.5,321,320.5,323,323.5,324,324.5,325
1684199239911444363,322.5,322,321.5,321,320.5,323,323.5,324,324.5,325
1684199240944624051,322.5,322,321.5,321,320.5,323,323.5,324,324.5,325
1684199241306149713,322.5,322,321.5,321,320.5,323,323.5,324,324.5,325
1684199248747646443,322.5,322,321.5,321,320.5,323,323.5,324,324.5,325
1684199249808549136,322.5,322,321.5,321,320.5,323,323.5,324,324.5,325
1684199250152906088,322.5,322,321.5,321,320.5,323,323.5,324,324.5,325
1684199256816259937,322,321.5,321,320.5,320,322.5,323,323.5,324,324.5
1684199261492413914,322,321.5,321,320.5,320,322.5,323,323.5,324,324.5
1684199261858065041,322,321.5,321,320.5,320,322.5,323,323.5,324,324.5
1684199262079194521,322,321.5,321,320.5,320,322.5,323,323.5,324,324.5
1684199266894166790,322,321.5,321,320.5,320,322.5,323,323.5,324,324.5
1684199268796836852,322,321.5,321,320.5,320,322.5,323,323.5,324,324.5
1684199275007347270,322,321.5,321,320.5,320,322.5,323,323.5,324,324.5
1684199276040606531,322,321.5,321,320.5,320,322.5,323,323.5,324,324.5
1684199280382527398,322,321.5,321,320.5,320,322.5,323,323.5,324,324.5
1684199290675014616,322,321.5,321,320.5,320,322.5,323,323.5,324,324.5
1684199292119660525,322,321.5,321,320.5,320,322.5,323,323.5,324,324.5
1684199294193154645,322,321.5,321,320.5,320,322.5,323,323.5,324,324.5
1684199295188850841,322,321.5,321,320.5,320,322.5,323,323.5,324,324.5
1684199302755113585,322,321.5,321,320.5,320,322.5,323,323.5,324,324.5
1684199304304273316,322,321.5,321,320.5,320,322.5,323,323.5,324,324.5
1684199304708777202,322,321.5,321,320.5,320,322.5,323,323.5,324,324.5
1684199304731372419,322,321.5,321,320.5,320,322.5,323,323.5,324,324.5
1684199305248474473,322,321.5,321,320.5,320,323,323.5,324,324.5,325
1684199306093224823,322.5,322,321.5,321,320.5,323,323.5,324,324.5,325
1684199306126250611,322.5,322,321.5,321,320.5,323,323.5,324,324.5,325
1684199313550089313,322.5,322,321.5,321,320.5,323,323.5,324,324.5,325
1684199313962914961,322.5,322,321.5,321,320.5,323,323.5,324,324.5,325
1684199315610082672,322,321.5,321,320.5,320,322.5,323,323.5,324,324.5
1684199315652236216,322,321.5,321,320.5,320,322.5,323,323.5,324,324.5
1684199326860290519,321.5,321,320.5,320,319.5,322,322.5,323,323.5,324
1684199326880822062,321.5,321,320.5,320,319.5,322,322.5,323,323.5,324
1684199326893234153,321.5,321,320.5,320,319,322,322.5,323,323.5,324
1684199327585223920,321.5,321,320.5,320,319,322,322.5,323,323.5,324
1684199331163081165,321.5,321,320.5,320,319,322,322.5,323,323.5,324
1684199335114786949,321,320.5,320,319,318.5,322,322.5,323,323.5,324
1684199335149519181,321,320.5,320,319,318.5,322,322.5,323,323.5,324
1684199335159785965,321,320.5,320,319,318.5,322,322.5,323,323.5,324
1684199335170064951,321,320.5,320,319,318.5,322,322.5,323,323.5,324
1684199335182329155,321,320.5,320,319,318.5,322,322.5,323,323.5,324
1684199341654452237,321,320.5,320,319,318.5,322,322.5,323,323.5,324
1684199343084741571,321,320.5,320,319,318.5,322,322.5,323,323.5,324
1684199345095903414,321,320.5,320,319,318.5,322,322.5,323,323.5,324
1684199347893461714,321,320.5,320,319,318.5,322,322.5,323,323.5,324
1684199348773980094,321,320.5,320,319,318.5,321.5,322,322.5,323,323.5
1684199348806689579,321,320.5,320,319,318.5,322,322.5,323,323.5,324
1684199353020778485,321,320.5,320,319,318.5,322,322.5,323,323.5,324
1684199358147867741,321,320.5,320,319,318.5,322,322.5,323,323.5,324
1684199358179386481,321,320.5,320,319,318.5,322.5,323,323.5,324,324.5
1684199358210269316,321,320.5,320,319,318.5,322.5,323,323.5,324,324.5
1684199358245252720,321,320.5,320,319,318.5,322.5,323,323.5,324,324.5
1684199358748949160,321.5,321,320.5,320,319,322.5,323,323.5,324,324.5
1684199358771742489,321.5,321,320.5,320,319,322.5,323,323.5,324,324.5
1684199358793951031,321.5,321,320.5,320,319,323,323.5,324,324.5,325
1684199358806251192,321.5,321,320.5,320,319,323,323.5,324,324.5,325
1684199358834998398,321.5,321,320.5,320,319,323,323.5,324,324.5,325
1684199359033545577,321.5,321,320.5,320,319,323,323.5,324,324.5,325
1684199361409540317,321.5,321,320.5,320,319,323,323.5,324,324.5,325
1684199361440148177,321.5,321,320.5,320,319,323,323.5,324,324.5,325
1684199361461156295,322,321.5,321,320.5,320,323,323.5,324,324.5,325
1684199361461156295,322,321.5,321,320.5,320,323.5,324,324.5,325,325.5
1684199361480962026,322,321.5,321,320.5,320,323.5,324,324.5,325,325.5
1684199361501573019,322,321.5,321,320.5,320,323.5,324,324.5,325,325.5
1684199361501573019,322,321.5,321,320.5,320,323.5,324,324.5,325,325.5
1684199361524731714,322.5,322,321.5,321,320.5,323.5,324,324.5,325,325.5
1684199361546704804,322.5,322,321.5,321,320.5,323.5,324,324.5,325,325.5
1684199361558829776,322.5,322,321.5,321,320.5,323.5,324,324.5,325,325.5
1684199361569210173,322.5,322,321.5,321,320.5,323.5,324,324.5,325,325.5
1684199362108654161,322.5,322,321.5,321,320.5,324,324.5,325,325.5,326
1684199362140561369,322.5,322,321.5,321,320.5,324,324.5,325,325.5,326
1684199362173192577,323,322.5,322,321.5,321,324,324.5,325,325.5,326
1684199362195719106,323,322.5,322,321.5,321,324,324.5,325,325.5,326
1684199362206279200,323,322.5,322,321.5,321,324,324.5,325,325.5,326
1684199362216323336,323,322.5,322,321.5,321,324,324.5,325,325.5,326
1684199362238887736,323,322.5,322,321.5,321,324,324.5,325,325.5,326
1684199362261420626,323,322.5,322,321.5,321,324.5,325,325.5,326,326.5
1684199362292623573,323.5,323,322.5,322,321.5,324.5,325,325.5,326,326.5
1684199362322812005,323.5,323,322.5,322,321.5,324.5,325,325.5,326,326.5
1684199362322889671,323.5,323,322.5,322,321.5,324.5,325,325.5,326,326.5
1684199362322889671,323.5,323,322.5,322,321.5,324.5,325,325.5,326,326.5
1684199362333798310,323.5,323,322.5,322,321.5,324.5,325,325.5,326,326.5
1684199362344234992,323.5,323,322.5,322,321.5,324.5,325,325.5,326,326.5
1684199362354423319,323.5,323,322.5,322,321.5,324.5,325,325.5,326,326.5
1684199362770387029,323.5,323,322.5,322,321.5,324.5,325,325.5,326,326.5
1684199362807124877,323,322.5,322,321.5,321,324.5,325,325.5,326,326.5
1684199362828765202,323,322.5,322,321.5,321,324.5,325,325.5,326,326.5
1684199362863401403,323,322.5,322,321.5,321,324.5,325,325.5,326,326.5
1684199369035036080,323,322.5,322,321.5,321,324,324.5,325,325.5,326
1684199369072002216,323,322.5,322,321.5,321,324,324.5,325,325.5,326
1684199371001217977,323,322.5,322,321.5,321,324,324.5,325,325.5,326
1684199371554235006,323,322.5,322,321.5,321,324,324.5,325,325.5,326
1684199372972490993,323,322.5,322,321.5,321,324,324.5,325,325.5,326
1684199373536637826,323,322.5,322,321.5,321,324,324.5,325,325.5,326
1684199373559236450,323,322.5,322,321.5,321,324,324.5,325,325.5,326
1684199374364208539,323,322.5,322,321.5,321,323.5,324,324.5,325,325.5
1684199375447562160,323,322.5,322,321.5,321,323.5,324,324.5,325,325.5
1684199376601420258,323,322.5,322,321.5,321,323.5,324,324.5,325,325.5
1684199379605749873,323,322.5,322,321.5,321,323.5,324,324.5,325,325.5
1684199382513023608,323,322.5,322,321.5,321,323.5,324,324.5,325,325.5
1684199382815446782,323,322.5,322,321.5,321,323.5,324,324.5,325,325.5
1684199382889046480,323,322.5,322,321.5,321,323.5,324,324.5,325,325.5
1684199386585555934,323,322.5,322,321.5,321,323.5,324,324.5,325,325.5
1684199386721978308,323,322.5,322,321.5,321,323.5,324,324.5,325,325.5
1684199387943515579,323,322.5,322,321.5,321,323.5,324,324.5,325,325.5
1684199388583481006,323,322.5,322,321.5,321,323.5,324,324.5,325,325.5
1684199389477502748,323,322.5,322,321.5,321,323.5,324,324.5,325,325.5
1684199391764047792,323,322.5,322,321.5,321,324,324.5,325,325.5,326
1684199393293808777,323,322.5,322,321.5,321,324,324.5,325,325.5,326
1684199393333857500,323.5,323,322.5,322,321.5,324,324.5,325,325.5,326
1684199393374682109,323.5,323,322.5,322,321.5,324,324.5,325,325.5,326
1684199393374825398,323,322.5,322,321.5,321,324,324.5,325,325.5,326
1684199394707141844,323,322.5,322,321.5,321,324,324.5,325,325.5,326
1684199394728269216,323,322.5,322,321.5,321,324,324.5,325,325.5,326
1684199395380878309,323,322.5,322,321.5,321,324,324.5,325,325.5,326
1684199396349749676,323,322.5,322,321.5,321,323.5,324,324.5,325,325.5
1684199398136323022,323,322.5,322,321.5,321,323.5,324,324.5,325,325.5
1684199398781496255,323,322.5,322,321.5,321,323.5,324,324.5,325,325.5
1684199403174310026,323,322.5,322,321.5,321,324,324.5,325,325.5,326
1684199406460822887,323.5,323,322.5,322,321.5,324,324.5,325,325.5,326
1684199406492783706,323.5,323,322.5,322,321.5,324,324.5,325,325.5,326
1684199406598999403,323.5,323,322.5,322,321.5,324,324.5,325,325.5,326
1684199409699641803,323.5,323,322.5,322,321.5,324,324.5,325,325.5,326
1684199414232956859,323.5,323,322.5,322,321.5,324,324.5,325,325.5,326
1684199414397912838,323.5,323,322.5,322,321.5,324,324.5,325,325.5,326
1684199422188562033,323.5,323,322.5,322,321.5,324,324.5,325,325.5,326
1684199432366167275,323.5,323,322.5,322,321.5,324,324.5,325,325.5,326
1684199432386612987,323,322.5,322,321.5,321,324,324.5,325,325.5,326
1684199434141748731,323,322.5,322,321.5,321,324,324.5,325,325.5,326
1684199434173569407,323,322.5,322,321.5,321,324,324.5,325,325.5,326
1684199434870890479,323,322.5,322,321.5,321,324,324.5,325,325.5,326
1684199436281926109,323,322.5,322,321.5,321,324,324.5,325,325.5,326
1684199440370752451,323,322.5,322,321.5,321,323.5,324,324.5,325,325.5
1684199440403457508,323,322.5,322,321.5,321,323.5,324,324.5,325,325.5
1684199440436397896,322.5,322,321.5,321,320.5,323.5,324,324.5,325,325.5
1684199440481369501,322.5,322,321.5,321,320.5,323.5,324,324.5,325,325.5
1684199440512010353,322.5,322,321.5,321,320.5,323.5,324,324.5,325,325.5
1684199441977347572,322.5,322,321.5,321,320.5,323.5,324,324.5,325,325.5
1684199443379268912,322.5,322,321.5,321,320.5,323.5,324,324.5,325,325.5
1684199443693942745,322.5,322,321.5,321,320.5,323.5,324,324.5,325,325.5
1684199444275275624,323.5,322.5,322,321.5,321,324,324.5,325,325.5,326
1684199444310268085,323.5,322.5,322,321.5,321,324,324.5,325,325.5,326
1684199444310268085,322.5,322,321.5,321,320.5,324,324.5,325,325.5,326
1684199444342773968,322.5,322,321.5,321,320.5,323.5,324,324.5,325,325.5
1684199444342773968,322.5,322,321.5,321,320.5,323.5,324,324.5,325,325.5
1684199444377756521,322.5,322,321.5,321,320.5,323.5,324,324.5,325,325.5
1684199444398279578,322.5,322,321.5,321,320.5,323.5,324,324.5,325,325.5
1684199444410442441,322.5,322,321.5,321,320.5,324,324.5,325,325.5,326
1684199445595282968,322.5,322,321.5,321,320.5,324,324.5,325,325.5,326
1684199445626573149,322.5,322,321.5,321,320.5,324,324.5,325,325.5,326
1684199447692422453,322.5,322,321.5,321,320.5,324,324.5,325,325.5,326
1684199449197022421,322.5,322,321.5,321,320.5,324,324.5,325,325.5,326
1684199451051162236,322.5,322,321.5,321,320.5,324,324.5,325,325.5,326
1684199452219138034,322.5,322,321.5,321,320.5,323.5,324,324.5,325,325.5
1684199454612656349,322.5,322,321.5,321,320.5,323.5,324,324.5,325,325.5
1684199455695068980,322.5,322,321.5,321,320.5,323.5,324,324.5,325,325.5
1684199456917616445,322.5,322,321.5,321,320.5,323.5,324,324.5,325,325.5
1684199460018596541,322.5,322,321.5,321,320.5,323.5,324,324.5,325,325.5
1684199461822907694,322.5,322,321.5,321,320.5,323.5,324,324.5,325,325.5
1684199470157212659,322.5,322,321.5,321,320.5,323.5,324,324.5,325,325.5
1684199474059128497,322.5,322,321.5,321,320.5,323.5,324,324.5,325,325.5
1684199477313019465,322.5,322,321.5,321,320.5,323.5,324,324.5,325,325.5
1684199479369665177,322.5,322,321.5,321,320.5,323.5,324,324.5,325,325.5
1684199480157784416,322.5,322,321.5,321,320.5,323.5,324,324.5,325,325.5
1684199481216629657,322.5,322,321.5,321,320.5,323.5,324,324.5,325,325.5
1684199485589125624,322.5,322,321.5,321,320.5,323.5,324,324.5,325,325.5
1684199487582801204,322.5,322,321.5,321,320.5,323.5,324,324.5,325,325.5
1684199489479917895,322.5,322,321.5,321,320.5,323.5,324,324.5,325,325.5
1684199491235258942,322.5,322,321.5,321,320.5,323.5,324,324.5,325,325.5
1684199493184740888,322.5,322,321.5,321,320.5,323.5,324,324.5,325,325.5
1684199493787348348,322.5,322,321.5,321,320.5,323.5,324,324.5,325,325.5
1684199496946418034,322.5,322,321.5,321,320.5,323.5,324,324.5,325,325.5
1684199503445847454,322.5,322,321.5,321,320.5,323.5,324,324.5,325,325.5
1684199503476454883,322.5,322,321.5,321,320.5,323.5,324,324.5,325,325.5
1684199518542147245,322.5,322,321.5,321,320.5,323.5,324,324.5,325,325.5
1684199518542173023,322.5,322,321.5,321,320.5,323.5,324,324.5,325,325.5
1684199520587334883,322.5,322,321.5,321,320.5,323.5,324,324.5,325,325.5
1684199522799973406,322.5,322,321.5,321,320.5,323.5,324,324.5,325,325.5
1684199536007204020,322.5,322,321.5,321,320.5,323.5,324,324.5,325,325.5
1684199537233021661,322.5,322,321.5,321,320.5,323.5,324,324.5,325,325.5
1684199556965771875,322.5,322,321.5,321,320.5,323.5,324,324.5,325,325.5
1684199558542704997,322.5,322,321.5,321,320.5,323.5,324,324.5,325,325.5
1684199558577420037,322.5,322,321.5,321,320.5,323.5,324,324.5,325,325.5
1684199564647890254,322.5,322,321.5,321,320.5,323.5,324,324.5,325,325.5
1684199566387673845,323,322.5,322,321.5,321,323.5,324,324.5,325,325.5
1684199566420356631,323,322.5,322,321.5,321,323.5,324,324.5,325,325.5
1684199567083070131,323,322.5,322,321.5,321,323.5,324,324.5,325,325.5
1684199568073001577,323,322.5,322,321.5,321,323.5,324,324.5,325,325.5
1684199569468806950,323,322.5,322,321.5,321,323.5,324,324.5,325,325.5
1684199572963911211,323,322.5,322,321.5,321,323.5,324,324.5,325,325.5
1684199574884994347,323,322.5,322,321.5,321,323.5,324,324.5,325,325.5
1684199579494025254,323,322.5,322,321.5,321,323.5,324,324.5,325,325.5
1684199580009072681,323,322.5,322,321.5,321,323.5,324,324.5,325,325.5
1684199581321826983,323,322.5,322,321.5,321,323.5,324,324.5,325,325.5
1684199582495234750,323,322.5,322,321.5,321,323.5,324,324.5,325,325.5
1684199588850764039,323,322.5,322,321.5,321,323.5,324,324.5,325,325.5
1684199606022963759,323,322.5,322,321.5,321,323.5,324,324.5,325,325.5
1684199607513089543,323,322.5,322,321.5,321,323.5,324,324.5,325,325.5
1684199609076823723,323,322.5,322,321.5,321,323.5,324,324.5,325,325.5
1684199623334052899,323,322.5,322,321.5,321,323.5,324,324.5,325,325.5
1684199629994158780,323,322.5,322,321.5,321,323.5,324,324.5,325,325.5
1684199630662003156,323,322.5,322,321.5,321,323.5,324,324.5,325,325.5
1684199631028108457,323,322.5,322,321.5,321,323.5,324,324.5,325,325.5
1684199636054082181,323,322.5,322,321.5,321,323.5,324,324.5,325,325.5
1684199636468014668,323,322.5,322,321.5,321,323.5,324,324.5,325,325.5
1684199637123492759,323,322.5,322,321.5,321,323.5,324,324.5,325,325.5
1684199639917711514,323,322.5,322,321.5,321,323.5,324,324.5,325,325.5
1684199647174876064,323,322.5,322,321.5,321,323.5,324,324.5,325,325.5
1684199650890136748,323,322.5,322,321.5,321,323.5,324,324.5,325,325.5
1684199664562891864,323,322.5,322,321.5,321,323.5,324,324.5,325,325.5
1684199671167705576,323,322.5,322,321.5,321,323.5,324,324.5,325,325.5
1684199675401673939,323,322.5,322,321.5,321,323.5,324,324.5,325,325.5
1684199675938477914,323,322.5,322,321.5,321,323.5,324,324.5,325,325.5
1684199677713924411,323,322.5,322,321.5,321,323.5,324,324.5,325,325.5
1684199692257987567,323,322.5,322,321.5,321,323.5,324,324.5,325,325.5
1684199696004839169,323,322.5,322,321.5,321,324,324.5,325,325.5,326
1684199702761210487,323.5,323,322.5,322,321.5,324,324.5,325,325.5,326
1684199702794022976,323.5,323,322.5,322,321.5,324,324.5,325,325.5,326
1684199702794130508,323,322.5,322,321.5,321,324,324.5,325,325.5,326
1684199702794130508,323,322.5,322,321.5,321,324,324.5,325,325.5,326
1684199704522602392,323,322.5,322,321.5,321,323.5,324,324.5,325,325.5
1684199704555368354,323,322.5,322,321.5,321,323.5,324,324.5,325,325.5
1684199722136801122,323,322.5,322,321.5,321,323.5,324,324.5,325,325.5
1684199727338832445,323,322.5,322,321.5,321,323.5,324,324.5,325,325.5
1684199727766585400,323,322.5,322,321.5,321,323.5,324,324.5,325,325.5
1684199728039029081,323,322.5,322,321.5,321,324,324.5,325,325.5,326
1684199733944503318,323,322.5,322,321.5,321,323.5,324,324.5,325,325.5
1684199734580912175,323,322.5,322,321.5,321,323.5,324,324.5,325,325.5
1684199741375671579,323,322.5,322,321.5,321,323.5,324,324.5,325,325.5
1684199746907362663,323,322.5,322,321.5,321,323.5,324,324.5,325,325.5
1684199755837822870,323,322.5,322,321.5,321,323.5,324,324.5,325,325.5
1684199756652866862,323,322.5,322,321.5,321,323.5,324,324.5,325,325.5
1684199761843404832,322.5,322,321.5,321,320.5,323.5,324,324.5,325,325.5
1684199761876354188,322.5,322,321.5,321,320.5,323.5,324,324.5,325,325.5
1684199763199829625,322.5,322,321.5,321,320.5,323.5,324,324.5,325,325.5
1684199764233763953,322.5,322,321.5,321,320.5,323,323.5,324,324.5,325
1684199764256083955,322.5,322,321.5,321,320.5,323,323.5,324,324.5,325
1684199764266442331,322.5,322,321.5,321,320.5,323,323.5,324,324.5,325
1684199765283568705,322.5,322,321.5,321,320.5,323,323.5,324,324.5,325
1684199775418230998,322.5,322,321.5,321,320.5,323,323.5,324,324.5,325
1684199792635889049,322.5,322,321.5,321,320.5,323,323.5,324,324.5,325
1684199798818564738,322.5,322,321.5,321,320.5,323,323.5,324,324.5,325
1684199800747740149,322.5,322,321.5,321,320.5,323,323.5,324,324.5,325
1684199803566990701,322.5,322,321.5,321,320.5,323,323.5,324,324.5,325
1684199805169661339,322.5,322,321.5,321,320.5,323,323.5,324,324.5,325
1684199808153544109,322.5,322,321.5,321,320.5,323,323.5,324,324.5,325
1684199816367176744,322.5,322,321.5,321,320.5,323,323.5,324,324.5,325
1684199818348774400,322.5,322,321.5,321,320.5,323,323.5,324,324.5,325
1684199828227232186,322.5,322,321.5,321,320.5,323,323.5,324,324.5,325
1684199829334707589,322.5,322,321.5,321,320.5,323,323.5,324,324.5,325
1684199831111932744,322.5,322,321.5,321,320.5,323,323.5,324,324.5,325
1684199832022218540,322.5,322,321.5,321,320.5,323,323.5,324,324.5,325
1684199835492507775,322.5,322,321.5,321,320.5,323,323.5,324,324.5,325
1684199836521679858,322.5,322,321.5,321,320.5,323,323.5,324,324.5,325
1684199842302282919,322.5,322,321.5,321,320.5,323,323.5,324,324.5,325
1684199842503972735,322.5,322,321.5,321,320.5,323,323.5,324,324.5,325
1684199846987940971,322.5,322,321.5,321,320.5,323,323.5,324,324.5,325
1684199859382674821,322.5,322,321.5,321,320.5,323,323.5,324,324.5,325
1684199874524795789,322.5,322,321.5,321,320.5,323,323.5,324,324.5,325
1684199874612642245,322.5,322,321.5,321,320.5,323,323.5,324,324.5,325
1684199876042278661,322.5,322,321.5,321,320.5,323,323.5,324,324.5,325
1684199876085381759,322.5,322,321.5,321,320.5,323,323.5,324,324.5,325
1684199876085381759,322.5,322,321.5,321,320.5,323,323.5,324,324.5,325
1684199876095601034,322.5,322,321.5,321,320.5,323,323.5,324,324.5,325
1684199876128793297,322.5,322,321.5,321,320.5,323,323.5,324,324.5,325
1684199876128793297,322.5,322,321.5,321,320.5,323,323.5,324,324.5,325
1684199876128900849,322.5,322,321.5,321,320.5,323,323.5,324,324.5,325
1684199876129042495,322.5,322,321.5,321,320.5,323.5,324,324.5,325,325.5
1684199876129042495,323,322.5,322,321.5,321,323.5,324,324.5,325,325.5
1684199876129042495,323,322.5,322,321.5,321,323.5,324,324.5,325,325.5
1684199876159267547,323,322.5,322,321.5,321,323.5,324,324.5,325,325.5
1684199876159267547,323,322.5,322,321.5,321,323.5,324,324.5,325,325.5
1684199877627513345,323,322.5,322,321.5,321,323.5,324,324.5,325,325.5
1684199881994096002,323,322.5,322,321.5,321,323.5,324,324.5,325,325.5
1684199885876948123,323,322.5,322,321.5,321,323.5,324,324.5,325,325.5
1684199901425944997,323,322.5,322,321.5,321,323.5,324,324.5,325,325.5
1684199902644580740,323,322.5,322,321.5,321,323.5,324,324.5,325,325.5
1684199903317938850,323,322.5,322,321.5,321,323.5,324,324.5,325,325.5
1684199908468033060,323,322.5,322,321.5,321,323.5,324,324.5,325,325.5
1684199912483287781,323,322.5,322,321.5,321,323.5,324,324.5,325,325.5
1684199912513758554,323,322.5,322,321.5,321,323.5,324,324.5,325,325.5
1684199912513758554,322.5,322,321.5,321,320.5,323.5,324,324.5,325,325.5
1684199912534080485,322.5,322,321.5,321,320.5,323.5,324,324.5,325,325.5
1684199912546288393,322.5,322,321.5,321,320.5,323.5,324,324.5,325,325.5
1684199919733873246,322.5,322,321.5,321,320.5,323.5,324,324.5,325,325.5
1684199919754270378,322.5,322,321.5,321,320.5,323.5,324,324.5,325,325.5
1684199919766595266,322.5,322,321.5,321,320.5,323.5,324,324.5,325,325.5
1684199924910210077,322.5,322,321.5,321,320.5,323.5,324,324.5,325,325.5
1684199924951082899,322.5,322,321.5,321,320.5,323.5,324,324.5,325,325.5
1684199924981934447,322.5,322,321.5,321,320.5,323.5,324,324.5,325,325.5
1684199925109810141,322.5,322,321.5,321,320.5,323.5,324,324.5,325,325.5
1684199931304090836,322.5,322,321.5,321,320.5,323.5,324,324.5,325,325.5
1684199931797868697,322.5,322,321.5,321,320.5,323.5,324,324.5,325,325.5
1684199933297896126,322.5,322,321.5,321,320.5,323.5,324,324.5,325,325.5
1684199934395570558,322.5,322,321.5,321,320.5,323.5,324,324.5,325,325.5
1684199939484871310,322.5,322,321.5,321,320.5,323.5,324,324.5,325,325.5
1684199939546192079,322.5,322,321.5,321,320.5,323.5,324,324.5,325,325.5
1684199946478861706,323,322.5,322,321.5,321,323.5,324,324.5,325,325.5
1684199947509091333,323,322.5,322,321.5,321,323.5,324,324.5,325,325.5
1684199954851177162,323,322.5,322,321.5,321,323.5,324,324.5,325,325.5
1684199963388292927,0,0,0,0,0,0,0,0,0,0
1684199963388292927,322.5,322,321.5,321,320.5,323.5,324,324.5,325,325.5
1684199966040515837,322.5,322,321.5,321,320.5,323.5,324,324.5,325,325.5
1684199970943685592,322.5,322,321.5,321,320.5,323.5,324,324.5,325,325.5
1684199973177999150,322.5,322,321.5,321,320.5,323.5,324,324.5,325,325.5
1684199973620578506,322.5,322,321.5,321,320.5,323.5,324,324.5,325,325.5
1684199979228852656,322.5,322,321.5,321,320.5,323.5,324,324.5,325,325.5
1684199979323032532,322.5,322,321.5,321,320.5,323.5,324,324.5,325,325.5
1684199979386498108,322.5,322,321.5,321,320.5,323.5,324,324.5,325,325.5
1684199980354553876,322.5,322,321.5,321,320.5,323.5,324,324.5,325,325.5
1684199986202276632,322.5,322,321.5,321,320.5,323,323.5,324,324.5,325
1684199986235021826,322.5,322,321.5,321,320.5,323,323.5,324,324.5,325
1684199989583657966,322.5,322,321.5,321,320.5,323.5,324,324.5,325,325.5
1684199990433553920,322.5,322,321.5,321,320.5,323.5,324,324.5,325,325.5
1684199990466380026,322.5,322,321.5,321,320.5,323.5,324,324.5,325,325.5
1684199990953644371,322.5,322,321.5,321,320.5,323,323.5,324,324.5,325
1684199990974167620,322.5,322,321.5,321,320.5,323,323.5,324,324.5,325
1684199993473007044,322.5,322,321.5,321,320.5,323,323.5,324,324.5,325
1684199993473007044,322.5,322,321.5,321,320.5,323,323.5,324,324.5,325
1684199997734805813,322.5,322,321.5,321,320.5,323,323.5,324,324.5,325
1684200000430036489,322.5,322,321.5,321,320.5,323,323.5,324,324.5,325
1684200004961255191,322.5,322,321.5,321,320.5,323,323.5,324,324.5,325
1684200027145352887,322.5,322,321.5,321,320.5,323,323.5,324,324.5,325
1684200031373538003,322.5,322,321.5,321,320.5,323,323.5,324,324.5,325
1684200035231837511,322.5,322,321.5,321,320.5,323,323.5,324,324.5,325
1684200035797047768,322.5,322,321.5,321,320.5,323,323.5,324,324.5,325
1684200053131607102,322.5,322,321.5,321,320.5,323,323.5,324,324.5,325
1684200055752952922,322.5,322,321.5,321,320.5,323,323.5,324,324.5,325
1684200057422309461,322.5,322,321.5,321,320.5,323,323.5,324,324.5,325
1684200057733665109,322.5,322,321.5,321,320.5,323,323.5,324,324.5,325
1684200064675645213,322.5,322,321.5,321,320.5,323,323.5,324,324.5,325
1684200064708196102,322.5,322,321.5,321,320.5,323,323.5,324,324.5,325
1684200065651125575,322.5,322,321.5,321,320.5,323,323.5,324,324.5,325
1684200066538020654,322.5,322,321.5,321,320.5,323,323.5,324,324.5,325
1684200067808925006,322.5,322,321.5,321,320.5,323,323.5,324,324.5,325
1684200068787804340,322,321.5,321,320.5,320,322.5,323,323.5,324,324.5
1684200068820769176,322,321.5,321,320.5,320,322.5,323,323.5,324,324.5
1684200068832838644,322,321.5,321,320.5,320,322.5,323,323.5,324,324.5
1684200070983241489,322,321.5,321,320.5,320,322.5,323,323.5,324,324.5
1684200072865264176,321.5,321,320.5,320,319.5,322,322.5,323,323.5,324
1684200072896005096,321.5,321,320.5,320,319.5,322,322.5,323,323.5,324
1684200072906292900,321.5,321,320.5,320,319.5,322,322.5,323,323.5,324
1684200072906318107,321.5,321,320.5,320,319,322,322.5,323,323.5,324
1684200072916533375,321.5,321,320.5,320,319,322,322.5,323,323.5,324
1684200072926797925,321.5,321,320.5,320,319,322,322.5,323,323.5,324
1684200072937011389,321.5,321,320.5,320,319,322,322.5,323,323.5,324
1684200072937011389,321.5,321,320.5,320,319,322.5,323,323.5,324,324.5
1684200072967886702,321.5,321,320.5,320,319,322.5,323,323.5,324,324.5
1684200073002697764,321.5,321,320.5,320,319.5,322.5,323,323.5,324,324.5
1684200074145383408,321.5,321,320.5,320,319.5,322.5,323,323.5,324,324.5
1684200075589282930,321.5,321,320.5,320,319.5,322.5,323,323.5,324,324.5
1684200075599428727,321.5,321,320.5,320,319.5,322.5,323,323.5,324,324.5
1684200075947798414,321.5,321,320.5,320,319.5,322.5,323,323.5,324,324.5
1684200075978419289,321.5,321,320.5,320,319.5,322.5,323,323.5,324,324.5
1684200075988587549,321.5,321,320.5,320,319.5,323,323.5,324,324.5,325
1684200076021323545,321.5,321,320.5,320,319,323,323.5,324,324.5,325
1684200076033671206,321.5,321,320.5,320,319,323,323.5,324,324.5,325
1684200076033671206,322,321.5,321,320.5,320,323,323.5,324,324.5,325
1684200076043950704,322,321.5,321,320.5,320,323,323.5,324,324.5,325
1684200076074713035,322,321.5,321,320.5,320,323,323.5,324,324.5,325
1684200076084931799,322,321.5,321,320.5,320,323,323.5,324,324.5,325
1684200076910589355,322,321.5,321,320.5,320,323,323.5,324,324.5,325
1684200077426470527,322,321.5,321,320.5,320,323,323.5,324,324.5,325
1684200077467986666,322,321.5,321,320.5,320,323,323.5,324,324.5,325
1684200077733596284,322,321.5,321,320.5,320,323,323.5,324,324.5,325
1684200078731788856,322,321.5,321,320.5,320,323,323.5,324,324.5,325
1684200079370842374,322,321.5,321,320.5,320,323,323.5,324,324.5,325
1684200080605894440,322,321.5,321,320.5,320,323,323.5,324,324.5,325
1684200084597467151,322,321.5,321,320.5,320,323,323.5,324,324.5,325
1684200084628278764,322,321.5,321,320.5,320,323,323.5,324,324.5,325
1684200085744351557,322,321.5,321,320.5,320,323,323.5,324,324.5,325
1684200092748706202,322,321.5,321,320.5,320,322.5,323,323.5,324,324.5
1684200092781351348,322,321.5,321,320.5,320,322.5,323,323.5,324,324.5
1684200092814144321,322,321.5,321,320.5,320,323,323.5,324,324.5,325
1684200095359726905,322,321.5,321,320.5,320,323,323.5,324,324.5,325
1684200095390517319,322,321.5,321,320.5,320,323,323.5,324,324.5,325
1684200095740652270,322,321.5,321,320.5,320,323,323.5,324,324.5,325
1684200102493095458,322,321.5,321,320.5,320,323,323.5,324,324.5,325
1684200102513639636,322,321.5,321,320.5,320,323,323.5,324,324.5,325
1684200103679901933,322,321.5,321,320.5,320,323,323.5,324,324.5,325
1684200103720722727,322,321.5,321,320.5,320,323.5,324,324.5,325,325.5
1684200103751544270,322,321.5,321,320.5,320,323.5,324,324.5,325,325.5
1684200103751544270,322.5,322,321.5,321,320.5,323.5,324,324.5,325,325.5
1684200103782305469,322.5,322,321.5,321,320.5,323.5,324,324.5,325,325.5
1684200103782305469,322.5,322,321.5,321,320.5,323.5,324,324.5,325,325.5
1684200103782305469,322.5,322,321.5,321,320.5,323.5,324,324.5,325,325.5
1684200103782305469,322.5,322,321.5,321,320.5,323.5,324,324.5,325,325.5
1684200103792585698,322.5,322,321.5,321,320.5,323.5,324,324.5,325,325.5
1684200108938163561,322.5,322,321.5,321,320.5,323.5,324,324.5,325,325.5
1684200108938163561,322.5,322,321.5,321,320.5,323.5,324,324.5,325,325.5
1684200114419688853,322.5,322,321.5,321,320.5,323.5,324,324.5,325,325.5
1684200118897657702,323,322.5,322,321.5,321,323.5,324,324.5,325,325.5
1684200119819341173,323,322.5,322,321.5,321,323.5,324,324.5,325,325.5
1684200120089731838,322.5,322,321.5,321,320.5,323.5,324,324.5,325,325.5
1684200121857163374,322.5,322,321.5,321,320.5,323.5,324,324.5,325,325.5
1684200124241098296,322.5,322,321.5,321,320.5,323,323.5,324,324.5,325
1684200124271754718,322.5,322,321.5,321,320.5,323,323.5,324,324.5,325
1684200124271859885,322.5,322,321.5,321,320.5,323,323.5,324,324.5,325
1684200124314700963,322.5,322,321.5,321,320.5,323,323.5,324,324.5,325
1684200127255953829,322.5,322,321.5,321,320.5,323,323.5,324,324.5,325
1684200127290524410,322.5,322,321.5,321,320.5,323,323.5,324,324.5,325
1684200127321176774,322,321.5,321,320.5,320,323,323.5,324,324.5,325
1684200127366302681,322,321.5,321,320.5,320,323,323.5,324,324.5,325
1684200129755539998,322,321.5,321,320.5,320,323,323.5,324,324.5,325
1684200131631194226,322,321.5,321,320.5,320,323,323.5,324,324.5,325
1684200133681346175,322,321.5,321,320.5,320,323,323.5,324,324.5,325
1684200133681346175,322,321.5,321,320.5,320,323,323.5,324,324.5,325
1684200135326993463,322,321.5,321,320.5,320,323,323.5,324,324.5,325
1684200137290957880,0,0,0,0,0,0,0,0,0,0
1684200137291077394,322,321.5,321,320.5,320,323.5,324,324.5,325,325.5
1684200137321759745,322,321.5,321,320.5,320,323.5,324,324.5,325,325.5
1684200137352486890,322,321.5,321,320.5,320,323.5,324,324.5,325,325.5
1684200144709956086,322,321.5,321,320.5,320,323.5,324,324.5,325,325.5
1684200144740773721,322.5,322,321.5,321,320.5,323.5,324,324.5,325,325.5
1684200144771421568,322.5,322,321.5,321,320.5,323.5,324,324.5,325,325.5
1684200144771547734,322.5,322,321.5,321,320.5,323.5,324,324.5,325,325.5
1684200144783671264,322.5,322,321.5,321,320.5,323.5,324,324.5,325,325.5
1684200144783747558,322.5,322,321.5,321,320.5,323.5,324,324.5,325,325.5
1684200144814409681,323,322.5,322,321.5,321,323.5,324,324.5,325,325.5
1684200144847472070,323,322.5,322,321.5,321,323.5,324,324.5,325,325.5
1684200145546600522,323,322.5,322,321.5,321,323.5,324,324.5,325,325.5
1684200148068765822,323,322.5,322,321.5,321,323.5,324,324.5,325,325.5
1684200150732283720,323,322.5,322,321.5,321,323.5,324,324.5,325,325.5
1684200153677094181,323,322.5,322,321.5,321,323.5,324,324.5,325,325.5
1684200154559949501,323,322.5,322,321.5,321,323.5,324,324.5,325,325.5
1684200160401030217,323,322.5,322,321.5,321,323.5,324,324.5,325,325.5
1684200163127833736,323,322.5,322,321.5,321,323.5,324,324.5,325,325.5
1684200174458552770,323,322.5,322,321.5,321,323.5,324,324.5,325,325.5
1684200175262310949,323,322.5,322,321.5,321,323.5,324,324.5,325,325.5
1684200183789387326,323,322.5,322,321.5,321,323.5,324,324.5,325,325.5
1684200183820082631,323,322.5,322,321.5,321,324,324.5,325,325.5,326
1684200183861050873,323,322.5,322,321.5,321,324,324.5,325,325.5,326
1684200183881648702,323,322.5,322,321.5,321,324,324.5,325,325.5,326
1684200186505216066,323,322.5,322,321.5,321,324,324.5,325,325.5,326
1684200188487403891,323,322.5,322,321.5,321,324,324.5,325,325.5,326
1684200188706636315,323,322.5,322,321.5,321,324,324.5,325,325.5,326
1684200189496075854,323,322.5,322,321.5,321,324,324.5,325,325.5,326
1684200189948748435,323,322.5,322,321.5,321,323.5,324,324.5,325,325.5
1684200189981485624,323,322.5,322,321.5,321,323.5,324,324.5,325,325.5
1684200191158034950,323,322.5,322,321.5,321,324,324.5,325,325.5,326
1684200192266116609,323,322.5,322,321.5,321,324,324.5,325,325.5,326
1684200192300864723,323,322.5,322,321.5,321,324,324.5,325,325.5,326
1684200192356177705,323,322.5,322,321.5,321,323.5,324,324.5,325,325.5
1684200192390936178,323,322.5,322,321.5,321,323.5,324,324.5,325,325.5
1684200192390936178,323,322.5,322,321.5,321,324,324.5,325,325.5,326
1684200194365653209,323,322.5,322,321.5,321,324,324.5,325,325.5,326
1684200194385856978,323,322.5,322,321.5,321,324,324.5,325,325.5,326
1684200194504794234,323,322.5,322,321.5,321,324,324.5,325,325.5,326
1684200195137718770,323,322.5,322,321.5,321,324,324.5,325,325.5,326
1684200197659564329,323,322.5,322,321.5,321,324,324.5,325,325.5,326
1684200198491239299,323,322.5,322,321.5,321,324,324.5,325,325.5,326
1684200202226512979,323,322.5,322,321.5,321,324,324.5,325,325.5,326
1684200203134045810,323,322.5,322,321.5,321,323.5,324,324.5,325,325.5
1684200203174819396,323,322.5,322,321.5,321,323.5,324,324.5,325,325.5
1684200208078951697,323,322.5,322,321.5,321,323.5,324,324.5,325,325.5
1684200208112124754,323,322.5,322,321.5,321,323.5,324,324.5,325,325.5
1684200210446348034,323,322.5,322,321.5,321,323.5,324,324.5,325,325.5
1684200214020163054,323,322.5,322,321.5,321,323.5,324,324.5,325,325.5
1684200215679068741,323,322.5,322,321.5,321,324,324.5,325,325.5,326
1684200216166728697,323,322.5,322,321.5,321,324,324.5,325,325.5,326
1684200216201426827,323,322.5,322,321.5,321,324,324.5,325,325.5,326
1684200217909259076,323,322.5,322,321.5,321,324,324.5,325,325.5,326
1684200220782724751,323,322.5,322,321.5,321,323.5,324,324.5,325,325.5
1684200220815482068,323,322.5,322,321.5,321,323.5,324,324.5,325,325.5
1684200221132843464,323,322.5,322,321.5,321,324,324.5,325,325.5,326
1684200222753111165,323,322.5,322,321.5,321,324,324.5,325,325.5,326
1684200222785671893,323,322.5,322,321.5,321,324,324.5,325,325.5,326
1684200228082921688,323,322.5,322,321.5,321,324,324.5,325,325.5,326
1684200228648057392,323,322.5,322,321.5,321,324,324.5,325,325.5,326
1684200228861243176,323,322.5,322,321.5,321,324,324.5,325,325.5,326
1684200242337138658,323.5,323,322.5,322,321.5,324,324.5,325,325.5,326
1684200242369918938,323,322.5,322,321.5,321,324,324.5,325,325.5,326
1684200242369918938,323,322.5,322,321.5,321,324,324.5,325,325.5,326
1684200246990704231,323.5,323,322.5,322,321.5,324,324.5,325,325.5,326
1684200247010699960,323,322.5,322,321.5,321,324,324.5,325,325.5,326
1684200248095095175,323,322.5,322,321.5,321,324,324.5,325,325.5,326
1684200248115869446,323,322.5,322,321.5,321,324,324.5,325,325.5,326
1684200264789524691,323,322.5,322,321.5,321,324,324.5,325,325.5,326
1684200269632004729,323,322.5,322,321.5,321,323.5,324,324.5,325,325.5
1684200269642333791,323,322.5,322,321.5,321,323.5,324,324.5,325,325.5
1684200274812531130,323,322.5,322,321.5,321,323.5,324,324.5,325,325.5
1684200274812531130,323,322.5,322,321.5,321,323.5,324,324.5,325,325.5
1684200276936312978,323,322.5,322,321.5,321,323.5,324,324.5,325,325.5
1684200285059007757,323,322.5,322,321.5,321,323.5,324,324.5,325,325.5
1684200289058594186,323,322.5,322,321.5,321,323.5,324,324.5,325,325.5
1684200290332470887,323,322.5,322,321.5,321,323.5,324,324.5,325,325.5
1684200291648326267,0,0,0,0,0,0,0,0,0,0
1684200291648326267,322.5,322,321.5,321,320.5,323.5,324,324.5,325,325.5
1684200291679064774,322.5,322,321.5,321,320.5,323.5,324,324.5,325,325.5
1684200291787669333,322.5,322,321.5,321,320.5,323.5,324,324.5,325,325.5
1684200300286962156,322.5,322,321.5,321,320.5,323.5,324,324.5,325,325.5
1684200305301545534,322.5,322,321.5,321,320.5,323.5,324,324.5,325,325.5
1684200315879547470,322.5,322,321.5,321,320.5,323.5,324,324.5,325,325.5
1684200316987476211,322.5,322,321.5,321,320.5,323.5,324,324.5,325,325.5
1684200317290640577,322.5,322,321.5,321,320.5,323.5,324,324.5,325,325.5
1684200317323386593,322.5,322,321.5,321,320.5,323.5,324,324.5,325,325.5
1684200317333505620,322.5,322,321.5,321,320.5,323.5,324,324.5,325,325.5
1684200319473819079,322.5,322,321.5,321,320.5,323.5,324,324.5,325,325.5
1684200320175210237,322.5,322,321.5,321,320.5,323.5,324,324.5,325,325.5
1684200321940424063,323,322.5,322,321.5,321,323.5,324,324.5,325,325.5
1684200321983634504,323,322.5,322,321.5,321,323.5,324,324.5,325,325.5
1684200322743464622,323,322.5,322,321.5,321,323.5,324,324.5,325,325.5
1684200349379137288,323,322.5,322,321.5,321,323.5,324,324.5,325,325.5
1684200369560306799,323,322.5,322,321.5,321,323.5,324,324.5,325,325.5
1684200375362259190,323,322.5,322,321.5,321,323.5,324,324.5,325,325.5
1684200385482063294,322.5,322,321.5,321,320.5,323.5,324,324.5,325,325.5
1684200385503951425,322.5,322,321.5,321,320.5,323.5,324,324.5,325,325.5
1684200388676530444,322.5,322,321.5,321,320.5,323,323.5,324,324.5,325
1684200388696901587,322.5,322,321.5,321,320.5,323,323.5,324,324.5,325
1684200388962192403,322.5,322,321.5,321,320.5,323,323.5,324,324.5,325
1684200388962192403,322.5,322,321.5,321,320.5,323,323.5,324,324.5,325
1684200393834352330,322.5,322,321.5,321,320.5,323,323.5,324,324.5,325
1684200401200126831,322.5,322,321.5,321,320.5,323,323.5,324,324.5,325
1684200404605992975,322.5,322,321.5,321,320.5,323,323.5,324,324.5,325
1684200415055987243,322.5,322,321.5,321,320.5,323,323.5,324,324.5,325
1684200421497195372,322.5,322,321.5,321,320.5,323,323.5,324,324.5,325
1684200455478846757,322.5,322,321.5,321,320.5,323,323.5,324,324.5,325
1684200463143539103,322.5,322,321.5,321,320.5,323,323.5,324,324.5,325
1684200463348383430,322.5,322,321.5,321,320.5,323,323.5,324,324.5,325
1684200472401649443,322.5,322,321.5,321,320.5,323,323.5,324,324.5,325
1684200475186995994,322.5,322,321.5,321,320.5,323,323.5,324,324.5,325
1684200487015410681,322.5,322,321.5,321,320.5,323,323.5,324,324.5,325
1684200487938905285,322.5,322,321.5,321,320.5,323,323.5,324,324.5,325
1684200509982761501,322.5,322,321.5,321,320.5,323,323.5,324,324.5,325
1684200514401918433,322.5,322,321.5,321,320.5,323,323.5,324,324.5,325
1684200519086321270,322.5,322,321.5,321,320.5,323,323.5,324,324.5,325
1684200522572999443,322.5,322,321.5,321,320.5,323,323.5,324,324.5,325
1684200523476166506,322.5,322,321.5,321,320.5,323,323.5,324,324.5,325
1684200532676965176,322.5,322,321.5,321,320.5,323,323.5,324,324.5,325
1684200563882717365,322.5,322,321.5,321,320.5,323,323.5,324,324.5,325
1684200571006651331,322.5,322,321.5,321,320.5,323,323.5,324,324.5,325
1684200572967163742,322.5,322,321.5,321,320.5,323,323.5,324,324.5,325
1684200574350615749,322,321.5,321,320.5,320,323,323.5,324,324.5,325
1684200574385502685,322,321.5,321,320.5,320,323,323.5,324,324.5,325
1684200574448697364,322,321.5,321,320.5,320,323,323.5,324,324.5,325
1684200579963717853,322,321.5,321,320.5,320,322.5,323,323.5,324,324.5
1684200579986290930,322,321.5,321,320.5,320,322.5,323,323.5,324,324.5
1684200579986290930,322,321.5,321,320.5,320,322.5,323,323.5,324,324.5
1684200580008828762,322,321.5,321,320.5,320,322.5,323,323.5,324,324.5
1684200581845910770,322,321.5,321,320.5,320,322.5,323,323.5,324,324.5
1684200590130075934,322,321.5,321,320.5,320,322.5,323,323.5,324,324.5
1684200590130075934,322,321.5,321,320.5,320,322.5,323,323.5,324,324.5
1684200597783607691,322,321.5,321,320.5,320,322.5,323,323.5,324,324.5
1684200602866815235,322,321.5,321,320.5,320,322.5,323,323.5,324,324.5
1684200603018489253,322,321.5,321,320.5,320,322.5,323,323.5,324,324.5
1684200605140474943,322,321.5,321,320.5,320,322.5,323,323.5,324,324.5
1684200605183157364,322,321.5,321,320.5,320,322.5,323,323.5,324,324.5
1684200608652825631,322,321.5,321,320.5,320,322.5,323,323.5,324,324.5
1684200612579475813,322,321.5,321,320.5,320,322.5,323,323.5,324,324.5
1684200614725861883,322,321.5,321,320.5,320,322.5,323,323.5,324,324.5
1684200617149773861,322,321.5,321,320.5,320,322.5,323,323.5,324,324.5
1684200622937494803,322,321.5,321,320.5,320,322.5,323,323.5,324,324.5
1684200628344177718,322,321.5,321,320.5,320,322.5,323,323.5,324,324.5
1684200630183295623,322,321.5,321,320.5,320,322.5,323,323.5,324,324.5
1684200632193194198,322,321.5,321,320.5,320,323,323.5,324,324.5,325
1684200633123110916,322,321.5,321,320.5,320,323,323.5,324,324.5,325
1684200633145773752,322,321.5,321,320.5,320,323,323.5,324,324.5,325
1684200637573594493,322.5,322,321.5,321,320.5,323,323.5,324,324.5,325
1684200637594137500,322.5,322,321.5,321,320.5,323,323.5,324,324.5,325
1684200641735130299,322.5,322,321.5,321,320.5,323,323.5,324,324.5,325
1684200642970158095,322.5,322,321.5,321,320.5,323,323.5,324,324.5,325
1684200643088884198,322.5,322,321.5,321,320.5,323,323.5,324,324.5,325
1684200645810780999,322.5,322,321.5,321,320.5,323,323.5,324,324.5,325
1684200650920472417,322.5,322,321.5,321,320.5,323,323.5,324,324.5,325
1684200656291483482,322.5,322,321.5,321,320.5,323,323.5,324,324.5,325
1684200660196586102,322.5,322,321.5,321,320.5,323,323.5,324,324.5,325
1684200665307756242,322.5,322,321.5,321,320.5,323,323.5,324,324.5,325
1684200680495160042,322.5,322,321.5,321,320.5,323,323.5,324,324.5,325
1684200680570838088,322.5,322,321.5,321,320.5,323,323.5,324,324.5,325
1684200680654673949,322.5,322,321.5,321,320.5,323,323.5,324,324.5,325
1684200686007143804,322.5,322,321.5,321,320.5,323,323.5,324,324.5,325
1684200700672136332,322.5,322,321.5,321,320.5,323,323.5,324,324.5,325
1684200703985725330,322.5,322,321.5,321,320.5,323,323.5,324,324.5,325
1684200714068135445,322.5,322,321.5,321,320.5,323,323.5,324,324.5,325
1684200715444335719,322.5,322,321.5,321,320.5,323,323.5,324,324.5,325
1684200730484247767,322.5,322,321.5,321,320.5,323.5,324,324.5,325,325.5
1684200730529252919,322.5,322,321.5,321,320.5,323.5,324,324.5,325,325.5
1684200730561939644,322.5,322,321.5,321,320.5,323.5,324,324.5,325,325.5
1684200744401416405,322.5,322,321.5,321,320.5,323.5,324,324.5,325,325.5
1684200756697891060,323,322.5,322,321.5,321,323.5,324,324.5,325,325.5
1684200756730524265,323,322.5,322,321.5,321,323.5,324,324.5,325,325.5
1684200761187181775,323,322.5,322,321.5,321,323.5,324,324.5,325,325.5
1684200771532574332,323,322.5,322,321.5,321,323.5,324,324.5,325,325.5
1684200788241670881,323,322.5,322,321.5,321,323.5,324,324.5,325,325.5
1684200788309313913,323,322.5,322,321.5,321,323.5,324,324.5,325,325.5
1684200788309491256,323,322.5,322,321.5,321,323.5,324,324.5,325,325.5
1684200788353213169,323,322.5,322,321.5,321,324,324.5,325,325.5,326
1684200788366113558,323,322.5,322,321.5,321,324,324.5,325,325.5,326
1684200788400578211,323,322.5,322,321.5,321,324,324.5,325,325.5,326
1684200788400578211,323,322.5,322,321.5,321,324,324.5,325,325.5,326
1684200788621952595,323,322.5,322,321.5,321,324,324.5,325,325.5,326
1684200792228017758,323,322.5,322,321.5,321,323.5,324,324.5,325,325.5
1684200792260602152,323,322.5,322,321.5,321,323.5,324,324.5,325,325.5
1684200792283237236,323,322.5,322,321.5,321,323.5,324,324.5,325,325.5
1684200792316390177,323,322.5,322,321.5,321,324,324.5,325,325.5,326
1684200792351282453,323,322.5,322,321.5,321,324,324.5,325,325.5,326
1684200792383566873,323,322.5,322,321.5,321,324,324.5,325,325.5,326
1684200793247011777,323,322.5,322,321.5,321,323.5,324,324.5,325,325.5
1684200793277591748,323,322.5,322,321.5,321,323.5,324,324.5,325,325.5
1684200800013490891,323,322.5,322,321.5,321,323.5,324,324.5,325,325.5
1684200800046238290,323,322.5,322,321.5,321,323.5,324,324.5,325,325.5
1684200800058563329,323,322.5,322,321.5,321,323.5,324,324.5,325,325.5
1684200809712821115,323,322.5,322,321.5,321,323.5,324,324.5,325,325.5
1684200812126413458,323,322.5,322,321.5,321,323.5,324,324.5,325,325.5
1684200812253412383,323,322.5,322,321.5,321,324,324.5,325,325.5,326
1684200812273767397,323,322.5,322,321.5,321,324,324.5,325,325.5,326
1684200812294415421,323,322.5,322,321.5,321,324,324.5,325,325.5,326
1684200815341929587,323,322.5,322,321.5,321,324,324.5,325,325.5,326
1684200821496259201,323,322.5,322,321.5,321,323.5,324,324.5,325,325.5
1684200821528919557,323,322.5,322,321.5,321,323.5,324,324.5,325,325.5
1684200821528919557,323,322.5,322,321.5,321,323.5,324,324.5,325,325.5
1684200823797140223,323,322.5,322,321.5,321,323.5,324,324.5,325,325.5
1684200831136311830,323,322.5,322,321.5,321,323.5,324,324.5,325,325.5
1684200835799330830,323,322.5,322,321.5,321,323.5,324,324.5,325,325.5
1684200838979220098,323,322.5,322,321.5,321,323.5,324,324.5,325,325.5
1684200838979220098,323,322.5,322,321.5,321,323.5,324,324.5,325,325.5
1684200839599618714,323,322.5,322,321.5,321,323.5,324,324.5,325,325.5
1684200857339882625,323,322.5,322,321.5,321,323.5,324,324.5,325,325.5
1684200857411336331,322.5,322,321.5,321,320.5,323.5,324,324.5,325,325.5
1684200857452362733,322.5,322,321.5,321,320.5,323.5,324,324.5,325,325.5
1684200857462541833,322.5,322,321.5,321,320.5,323.5,324,324.5,325,325.5
1684200873507715899,322.5,322,321.5,321,320.5,323.5,324,324.5,325,325.5
1684200918638118175,322.5,322,321.5,321,320.5,323,323.5,324,324.5,325
1684200918668729647,322.5,322,321.5,321,320.5,323,323.5,324,324.5,325
1684200922049841144,322.5,322,321.5,321,320.5,323,323.5,324,324.5,325
1684200922049841144,322.5,322,321.5,321,320.5,323,323.5,324,324.5,325
1684200955531062248,322.5,322,321.5,321,320.5,323,323.5,324,324.5,325
1684200965803992350,322.5,322,321.5,321,320.5,323,323.5,324,324.5,325
1684200977110195864,322.5,322,321.5,321,320.5,323,323.5,324,324.5,325
1684200977957713695,322.5,322,321.5,321,320.5,323,323.5,324,324.5,325
1684201002202302450,322.5,322,321.5,321,320.5,323,323.5,324,324.5,325
1684201013613930606,322.5,322,321.5,321,320.5,323,323.5,324,324.5,325
1684201013712325578,322.5,322,321.5,321,320.5,323,323.5,324,324.5,325
1684201015861158108,322.5,322,321.5,321,320.5,323.5,324,324.5,325,325.5
1684201025576406028,322.5,322,321.5,321,320.5,323.5,324,324.5,325,325.5
1684201025607266678,322.5,322,321.5,321,320.5,323.5,324,324.5,325,325.5
1684201045474345174,322.5,322,321.5,321,320.5,323.5,324,324.5,325,325.5
1684201048875751304,322.5,322,321.5,321,320.5,323.5,324,324.5,325,325.5
1684201051330294245,322.5,322,321.5,321,320.5,323.5,324,324.5,325,325.5
1684201057717058342,322.5,322,321.5,321,320.5,323,323.5,324,324.5,325
1684201057739553766,322.5,322,321.5,321,320.5,323,323.5,324,324.5,325
1684201059773797461,322.5,322,321.5,321,320.5,323,323.5,324,324.5,325
1684201060353218973,322.5,322,321.5,321,320.5,323,323.5,324,324.5,325
1684201063797693765,322.5,322,321.5,321,320.5,323,323.5,324,324.5,325
1684201064937343885,322.5,322,321.5,321,320.5,323,323.5,324,324.5,325
1684201080138838540,322.5,322,321.5,321,320.5,323,323.5,324,324.5,325
1684201081306159281,322,321.5,321,320.5,320,323,323.5,324,324.5,325
1684201081339050082,322,321.5,321,320.5,320,323,323.5,324,324.5,325
1684201081351262270,322,321.5,321,320.5,320,323,323.5,324,324.5,325
1684201090191480791,322,321.5,321,320.5,320,323,323.5,324,324.5,325
1684201093927043712,322,321.5,321,320.5,320,323,323.5,324,324.5,325
1684201122731788985,322,321.5,321,320.5,320,323,323.5,324,324.5,325
1684201126660581490,322,321.5,321,320.5,320,323,323.5,324,324.5,325
1684201128340614091,322,321.5,321,320.5,320,323,323.5,324,324.5,325
1684201128897205020,322,321.5,321,320.5,320,323,323.5,324,324.5,325
1684201133487735455,322,321.5,321,320.5,320,323,323.5,324,324.5,325
1684201155114977818,322,321.5,321,320.5,320,322.5,323,323.5,324,324.5
1684201155158064121,322,321.5,321,320.5,320,322.5,323,323.5,324,324.5
1684201184289870241,322,321.5,321,320.5,320,322.5,323,323.5,324,324.5
1684201193459897679,322,321.5,321,320.5,320,322.5,323,323.5,324,324.5
1684201208208128184,322,321.5,321,320.5,320,322.5,323,323.5,324,324.5
1684201212105090297,322,321.5,321,320.5,320,322.5,323,323.5,324,324.5
1684201219368389904,322,321.5,321,320.5,320,322.5,323,323.5,324,324.5
1684201229156818677,322,321.5,321,320.5,320,322.5,323,323.5,324,324.5
1684201229177253232,322,321.5,321,320.5,320,322.5,323,323.5,324,324.5
1684201229228599723,322,321.5,321,320.5,320,323,323.5,324,324.5,325
1684201229259320491,322,321.5,321,320.5,320,323,323.5,324,324.5,325
1684201229289986575,322,321.5,321,320.5,320,323,323.5,324,324.5,325
1684201233393327319,322,321.5,321,320.5,320,323,323.5,324,324.5,325
1684201240482645305,322,321.5,321,320.5,320,323,323.5,324,324.5,325
1684201248641805295,322,321.5,321,320.5,320,323,323.5,324,324.5,325
1684201255008377633,322,321.5,321,320.5,320,323,323.5,324,324.5,325
1684201256861529915,322,321.5,321,320.5,320,323,323.5,324,324.5,325
1684201281877334817,322,321.5,321,320.5,320,323,323.5,324,324.5,325
1684201295732936209,322,321.5,321,320.5,320,322.5,323,323.5,324,324.5
1684201295753495569,322,321.5,321,320.5,320,322.5,323,323.5,324,324.5
1684201298284856057,322,321.5,321,320.5,320,322.5,323,323.5,324,324.5
1684201299982914446,322,321.5,321,320.5,320,322.5,323,323.5,324,324.5
1684201300196680656,322,321.5,321,320.5,320,322.5,323,323.5,324,324.5
1684201305318823374,322,321.5,321,320.5,320,322.5,323,323.5,324,324.5
1684201310288559405,322,321.5,321,320.5,320,322.5,323,323.5,324,324.5
1684201310288559405,322,321.5,321,320.5,320,322.5,323,323.5,324,324.5
1684201310288559405,322,321.5,321,320.5,320,322.5,323,323.5,324,324.5
1684201310288559405,322,321.5,321,320.5,320,323,323.5,324,324.5,325
1684201323808082019,322,321.5,321,320.5,320,323,323.5,324,324.5,325
1684201323842414938,322,321.5,321,320.5,320,323,323.5,324,324.5,325
1684201326566980204,322,321.5,321,320.5,320,323,323.5,324,324.5,325
1684201327175232608,322,321.5,321,320.5,320,322.5,323,323.5,324,324.5
1684201327205872955,322,321.5,321,320.5,320,322.5,323,323.5,324,324.5
1684201330574995817,322,321.5,321,320.5,320,322.5,323,323.5,324,324.5
1684201330626312803,322,321.5,321,320.5,320,323,323.5,324,324.5,325
1684201331000017131,322,321.5,321,320.5,320,323,323.5,324,324.5,325
1684201331032833843,322,321.5,321,320.5,320,323,323.5,324,324.5,325
1684201333827712099,322,321.5,321,320.5,320,323,323.5,324,324.5,325
1684201334052554013,322,321.5,321,320.5,320,323,323.5,324,324.5,325
1684201334085319629,322,321.5,321,320.5,320,323,323.5,324,324.5,325
1684201334118083863,322,321.5,321,320.5,320,323,323.5,324,324.5,325
1684201334347355463,322,321.5,321,320.5,320,323,323.5,324,324.5,325
1684201346918178061,322,321.5,321,320.5,320,323,323.5,324,324.5,325
1684201347446771979,322,321.5,321,320.5,320,323,323.5,324,324.5,325
1684201360585675905,322,321.5,321,320.5,320,323,323.5,324,324.5,325
1684201365483492325,322,321.5,321,320.5,320,323,323.5,324,324.5,325
1684201365641158619,322,321.5,321,320.5,320,323,323.5,324,324.5,325
1684201371093131451,322,321.5,321,320.5,320,323,323.5,324,324.5,325
1684201408086566933,322,321.5,321,320.5,320,323,323.5,324,324.5,325
1684201408172522652,322,321.5,321,320.5,320,322.5,323,323.5,324,324.5
1684201408203199086,322,321.5,321,320.5,320,322.5,323,323.5,324,324.5
1684201411736949027,322,321.5,321,320.5,320,322.5,323,323.5,324,324.5
1684201412359636815,322,321.5,321,320.5,320,322.5,323,323.5,324,324.5
1684201416623623675,322,321.5,321,320.5,320,322.5,323,323.5,324,324.5
1684201422033766699,322,321.5,321,320.5,320,322.5,323,323.5,324,324.5
1684201424899466697,322,321.5,321,320.5,320,322.5,323,323.5,324,324.5
1684201431189157427,322,321.5,321,320.5,320,322.5,323,323.5,324,324.5
1684201431211769491,322,321.5,321,320.5,320,322.5,323,323.5,324,324.5
1684201448300342692,322,321.5,321,320.5,320,322.5,323,323.5,324,324.5
1684201465167258153,322,321.5,321,320.5,320,322.5,323,323.5,324,324.5
1684201465197744250,322,321.5,321,320.5,320,323,323.5,324,324.5,325
1684201465229223752,322,321.5,321,320.5,320,323,323.5,324,324.5,325
1684201465229223752,322,321.5,321,320.5,320,323,323.5,324,324.5,325
1684201465260014962,322,321.5,321,320.5,320,323,323.5,324,324.5,325
1684201479795935472,322,321.5,321,320.5,320,323,323.5,324,324.5,325
1684201479826652693,322,321.5,321,320.5,320,323,323.5,324,324.5,325
1684201486760229559,322,321.5,321,320.5,320,323,323.5,324,324.5,325
1684201486801046041,322,321.5,321,320.5,320,323,323.5,324,324.5,325
1684201487364378682,322,321.5,321,320.5,320,323,323.5,324,324.5,325
1684201488441603853,322,321.5,321,320.5,320,322.5,323,323.5,324,324.5
1684201488474429933,322,321.5,321,320.5,320,322.5,323,323.5,324,324.5
1684201490742644492,322,321.5,321,320.5,320,322.5,323,323.5,324,324.5
1684201500756478498,322,321.5,321,320.5,320,322.5,323,323.5,324,324.5
1684201501672968843,322,321.5,321,320.5,320,322.5,323,323.5,324,324.5
1684201506167497978,322,321.5,321,320.5,320,322.5,323,323.5,324,324.5
1684201529743074541,322,321.5,321,320.5,320,322.5,323,323.5,324,324.5
1684201548359697753,322,321.5,321,320.5,320,323,323.5,324,324.5,325
1684201548380089578,322,321.5,321,320.5,320,323,323.5,324,324.5,325
1684201548402601573,322,321.5,321,320.5,320,323,323.5,324,324.5,325
1684201558667283973,322,321.5,321,320.5,320,323,323.5,324,324.5,325
1684201562641281950,322,321.5,321,320.5,320,323,323.5,324,324.5,325
1684201577409352426,323,322,321.5,321,320.5,323.5,324,324.5,325,325.5
1684201577431618621,323,322,321.5,321,320.5,323.5,324,324.5,325,325.5
1684201577439659297,323,322,321.5,321,320.5,323.5,324,324.5,325,325.5
1684201577439674596,323,322,321.5,321,320.5,323.5,324,324.5,325,325.5
1684201577460066461,323,322,321.5,321,320.5,323.5,324,324.5,325,325.5
1684201581843811969,323,322,321.5,321,320.5,323.5,324,324.5,325,325.5
1684201581886909694,322,321.5,321,320.5,320,323.5,324,324.5,325,325.5
1684201581929729768,322,321.5,321,320.5,320,323.5,324,324.5,325,325.5
1684201581940113984,322,321.5,321,320.5,320,323.5,324,324.5,325,325.5
1684201581960424386,322,321.5,321,320.5,320,323.5,324,324.5,325,325.5
1684201584362893480,322,321.5,321,320.5,320,323,323.5,324,324.5,325
1684201584383267712,322,321.5,321,320.5,320,323,323.5,324,324.5,325
1684201584403780023,322,321.5,321,320.5,320,323,323.5,324,324.5,325
1684201584434441870,322,321.5,321,320.5,320,323,323.5,324,324.5,325
1684201585416592954,322,321.5,321,320.5,320,323.5,324,324.5,325,325.5
1684201585449285764,322,321.5,321,320.5,320,323.5,324,324.5,325,325.5
1684201585459558621,322.5,322,321.5,321,320.5,323.5,324,324.5,325,325.5
1684201585490184099,322.5,322,321.5,321,320.5,323.5,324,324.5,325,325.5
1684201585500609472,322.5,322,321.5,321,320.5,323.5,324,324.5,325,325.5
1684201585500609472,322.5,322,321.5,321,320.5,323.5,324,324.5,325,325.5
1684201585594790244,322.5,322,321.5,321,320.5,323.5,324,324.5,325,325.5
1684201587654130573,322.5,322,321.5,321,320.5,323,323.5,324,324.5,325
1684201587686809607,322.5,322,321.5,321,320.5,323,323.5,324,324.5,325
1684201587686809607,322.5,322,321.5,321,320.5,323.5,324,324.5,325,325.5
1684201587686809607,323,322.5,322,321.5,321,323.5,324,324.5,325,325.5
1684201587717554349,323,322.5,322,321.5,321,323.5,324,324.5,325,325.5
1684201587727770831,323,322.5,322,321.5,321,324,324.5,325,325.5,326
1684201587738048136,323,322.5,322,321.5,321,324,324.5,325,325.5,326
1684201587758422949,323,322.5,322,321.5,321,324,324.5,325,325.5,326
1684201587771895504,323,322.5,322,321.5,321,324,324.5,325,325.5,326
1684201587788195166,323,322.5,322,321.5,321,324,324.5,325,325.5,326
1684201588411777045,323,322.5,322,321.5,321,324,324.5,325,325.5,326
1684201590033851748,323,322.5,322,321.5,321,323.5,324,324.5,325,325.5
1684201590066982711,323,322.5,322,321.5,321,323.5,324,324.5,325,325.5
1684201590568352430,323,322.5,322,321.5,321,323.5,324,324.5,325,325.5
1684201590589050820,323,322.5,322,321.5,321,323.5,324,324.5,325,325.5
1684201593180603544,323,322.5,322,321.5,321,323.5,324,324.5,325,325.5
1684201593211277003,322.5,322,321.5,321,320.5,323.5,324,324.5,325,325.5
1684201593244146725,322.5,322,321.5,321,320.5,323.5,324,324.5,325,325.5
1684201593497093666,322.5,322,321.5,321,320.5,323.5,324,324.5,325,325.5
1684201594329664577,322.5,322,321.5,321,320.5,323.5,324,324.5,325,325.5
1684201594524119000,322.5,322,321.5,321,320.5,323.5,324,324.5,325,325.5
1684201595775412812,322.5,322,321.5,321,320.5,323.5,324,324.5,325,325.5
1684201600068492570,322.5,322,321.5,321,320.5,323.5,324,324.5,325,325.5
1684201600677527237,322.5,322,321.5,321,320.5,324,324.5,325,325.5,326
1684201600700193953,322.5,322,321.5,321,320.5,324,324.5,325,325.5,326
1684201600720508062,322.5,322,321.5,321,320.5,324,324.5,325,325.5,326
1684201603770886901,322.5,322,321.5,321,320.5,323.5,324,324.5,325,325.5
1684201603801610504,322.5,322,321.5,321,320.5,323.5,324,324.5,325,325.5
1684201603801610504,322.5,322,321.5,321,320.5,324,324.5,325,325.5,326
1684201603822150948,322.5,322,321.5,321,320.5,324,324.5,325,325.5,326
1684201603822150948,322.5,322,321.5,321,320.5,324,324.5,325,325.5,326
1684201603842569243,322.5,322,321.5,321,320.5,324,324.5,325,325.5,326
1684201606297102066,322.5,322,321.5,321,320.5,323.5,324,324.5,325,325.5
1684201606329977649,322.5,322,321.5,321,320.5,323.5,324,324.5,325,325.5
1684201606329994230,322.5,322,321.5,321,320.5,323.5,324,324.5,325,325.5
1684201606362728448,322.5,322,321.5,321,320.5,323.5,324,324.5,325,325.5
1684201608089212288,322.5,322,321.5,321,320.5,323.5,324,324.5,325,325.5
1684201609037349161,322.5,322,321.5,321,320.5,323.5,324,324.5,325,325.5
1684201610875379777,322.5,322,321.5,321,320.5,323.5,324,324.5,325,325.5
1684201615739500120,322.5,322,321.5,321,320.5,323.5,324,324.5,325,325.5
1684201616112338315,322.5,322,321.5,321,320.5,323.5,324,324.5,325,325.5
1684201617035803828,322.5,322,321.5,321,320.5,323.5,324,324.5,325,325.5
