Timestamp,BidPrice0,BidPrice1,BidPrice2,BidPrice3,BidPrice4,AskPrice0,AskPrice1,AskPrice2,AskPrice3,AskPrice4
1684708202903034088,0,0,0,0,0,0,0,0,0,0
1684715422904134557,311,309.5,309,308,305.5,317,317.5,319,320,320.5
1684715427926009393,311,309.5,309,308,305.5,317,317.5,319,320,320.5
1684715432937569152,311,309.5,309,308,305.5,317,317.5,318,319,319.5
1684715437948979282,311,310,309.5,309,308.5,317,317.5,318,319,319.5
1684715442964571744,311.5,311,310,309.5,309,317,317.5,318,318.5,319
1684715447984435376,311.5,311,310,309.5,309,317,317.5,318,318.5,319
1684715452997993349,311.5,311,310,309.5,309,317,317.5,318,318.5,319
1684715458013454977,311.5,311,310,309.5,309,317,317.5,318,318.5,319
1684715468038511068,311.5,311,310,309.5,309,317,317.5,318,318.5,319
1684715473062380634,311.5,311,310,309.5,309,316,317,317.5,318,318.5
1684715478084079044,311.5,311,310,309.5,309,316,317,317.5,318,318.5
1684715483095642455,311.5,311,310,309.5,309,316,317,317.5,318,318.5
1684715488113220280,313,311.5,311,310,309.5,316,317,317.5,318,318.5
1684715493128812987,313.5,313,311.5,311,310,316,317,317.5,318,318.5
1684715498144557460,313.5,313,311.5,311,310,316,317,317.5,318,318.5
1684715518207016182,313.5,313,311.5,311,310,316,317,317.5,318,318.5
1684715548304652664,313.5,313,311.5,311,310,316,317,317.5,318,318.5
1684715633569828015,313.5,313,311.5,311,310.5,316,317,317.5,318,318.5
1684715643605137151,313.5,313,311.5,311,310.5,316,317,317.5,318,318.5
1684715708810051189,313.5,313,311.5,311,310.5,316,317,317.5,318,318.5
1684715728860159944,313.5,313,311.5,311,310.5,316,317,317.5,318,318.5
1684715784037933569,313.5,313,311.5,311,310.5,316,317,317.5,318,318.5
1684715799088917955,313.5,313,311.5,311,310.5,316,317,317.5,318,318.5
1684715854260702826,313,311.5,311,310.5,310,316,317,317.5,318,318.5
1684715919459390947,313,311.5,311,310.5,310,316,317,317.5,318,318.5
1684715939532132413,313,311.5,311,310.5,310,316,317,317.5,318,318.5
1684715944541516385,313,311.5,311,310.5,310,316,317,317.5,318,318.5
1684715969627646894,313,311.5,311,310.5,310,316,317,317.5,318,318.5
1684715979654776865,313,311.5,311,310.5,310,316,317,317.5,318,318.5
1684716045654356476,313,311.5,311,310.5,310,316,317,317.5,318,318.5
1684716156020276492,313,311.5,311,310.5,310,316,317,317.5,318,318.5
1684716166045284521,313,311.5,311,310.5,310,316,317,317.5,318,318.5
1684716191123391057,313,311.5,311,310.5,310,316,317,317.5,318,318.5
1684716276396758035,313,311.5,311,310.5,310,316,317,317.5,318,318.5
1684716341624297139,313,311.5,311,310.5,310,316,317,317.5,318,318.5
1684716361690799663,313,311.5,311,310.5,310,316,317,317.5,318,318.5
1684716366704276627,313,311.5,311,310.5,310,316,317,317.5,318,318.5
1684716376743659904,313,311.5,311,310.5,310,316,317,317.5,318,318.5
1684716381759301295,313,311.5,311,310.5,310,316,317,317.5,318,318.5
1684716391782396429,313,311.5,311,310.5,310,316,317,317.5,318,318.5
1684716411832500426,313,311.5,311,310.5,310,316,317,317.5,318,318.5
1684716482061346792,313,311.5,311,310.5,310,315,316,317,317.5,318
1684716487084989095,311.5,311,310.5,310,309.5,313,315,316,317,317.5
1684716497106017019,311.5,311,310.5,310,309.5,313,315,316,317,317.5
1684716547272215289,311.5,311,310.5,310,309.5,313,315,316,317,317.5
1684716552287860420,311.5,311,310.5,310,309.5,313,315,316,317,317.5
1684716592410638842,311.5,311,310.5,310,309.5,313,315,316,317,317.5
1684716607864965745,311.5,311,310.5,310,309.5,313,315,316,317,317.5
1684716618303849631,311.5,311,310.5,310,309.5,313,315,316,317,317.5
1684716628339131214,311.5,311,310.5,310,309.5,313,315,316,317,317.5
1684716693540044501,312,311.5,311,310.5,310,313,315,316,317,317.5
1684716818932156224,312,311.5,311,310.5,310,313,315,316,317,317.5
1684716844010177377,312,311.5,311,310.5,310,313,315,316,317,317.5
1684716859069299076,312,311.5,311,310.5,310,313,315,316,317,317.5
1684716864080760721,312,311.5,311,310.5,310,313,315,316,317,317.5
1684716899200244481,313,312,311.5,311,310.5,315,316,317,317.5,318
1684716924282435253,313,312,311.5,311,310.5,315,316,317,317.5,318
1684716969420861438,313,312,311.5,311,310.5,315,316,317,317.5,318
1684716974435401702,313,312,311.5,311,310.5,315,316,317,317.5,318
1684716979453133188,313,312,311.5,311,310.5,315,316,317,317.5,318
1684716984485075354,313,312,311.5,311,310.5,315,316,317,317.5,318
1684716994508121619,313,312,311.5,311,310.5,315,316,317,317.5,318
1684717004539358534,313,312,311.5,311,310.5,315,316,317,317.5,318
1684717019594309277,313,312,311.5,311,310.5,315,316,317,317.5,318
1684717039644410470,313,312,311.5,311,310.5,315,316,317,317.5,318
1684717054697388417,313,312,311.5,311,310.5,315,316,317,317.5,318
1684717079773417885,313,312,311.5,311,310.5,315,316,317,317.5,318
1684717109875066591,313,312,311.5,311,310.5,315,316,317,317.5,318
1684717114888726306,313,312,311.5,311,310.5,315,316,317,317.5,318
1684717119910507559,313,312,311.5,311,310.5,315,316,317,317.5,318
1684717144992599533,313,312,311.5,311,310.5,315,316,317,317.5,318
1684717160039388514,313,312,311.5,311,310.5,315,316,317,317.5,318
1684717170062450437,313,312,311.5,311,310.5,315,316,317,317.5,318
1684717180099807071,313,312,311.5,311,310.5,315,316,317,317.5,318
1684717190133139022,313,312,311.5,311,310.5,314,315,316,317,317.5
1684717195144605301,313,312,311.5,311,310.5,314,314.5,315,316,317
1684717202771456673,313.5,313,312,311.5,311,314,315,316,317,317.5
1684717202791962110,313,312,311.5,311,310.5,314,315,316,317,317.5
1684717202831948060,313,312,311.5,311,310.5,313.5,314,315,316,317
1684717203283584444,313,312,311.5,311,310.5,313.5,314,315,316,317
1684717207643663599,313,312,311.5,311,310.5,313.5,314,315,316,317
1684717207803779051,313,312,311.5,311,310.5,313.5,314,315,316,317
1684717208434441298,313,312,311.5,311,310.5,313.5,314,315,315.5,316
1684717209017365782,313,312,311.5,311,310.5,313.5,314,315,315.5,316
1684717209352809756,313,312,311.5,311,310.5,314,315,315.5,316,317
1684717210095105955,313,312,311.5,311,310.5,314,315,315.5,316,317
1684717211459310867,313,312,311.5,311,310.5,314,315,315.5,316,316.5
1684717213097519225,313.5,313,312,311.5,311,314,315,315.5,316,316.5
1684717213128959862,313,312,311.5,311,310.5,314,315,315.5,316,316.5
1684717213408525910,313.5,313,312,311.5,311,314,315,315.5,316,316.5
1684717214430547186,313.5,313,312,311.5,311,314,315,315.5,316,316.5
1684717214485101657,313.5,313,312,311.5,311,314,315,315.5,316,316.5
1684717214612811470,313.5,313,312,311.5,311,315,315.5,316,316.5,317
1684717217032354588,313.5,313,312,311.5,311,315,315.5,316,316.5,317
1684717221707626009,314,313.5,313,312,311.5,315,315.5,316,316.5,317
1684717221739459854,313.5,313,312,311.5,311,315,315.5,316,316.5,317
1684717222650275512,313.5,313,312,311.5,311,315,315.5,316,316.5,317
1684717222833095910,313.5,313,312,311.5,311,315,315.5,316,316.5,317
1684717223167881407,313.5,313,312,311.5,311,315,315.5,316,316.5,317
1684717224599692044,313.5,313,312,311.5,311,315,315.5,316,316.5,317
1684717224899353108,313.5,313,312,311.5,311,315,315.5,316,316.5,317
1684717225410866636,313.5,313,312,311.5,311,315,315.5,316,316.5,317
1684717226518077778,313.5,313,312,311.5,311,315,315.5,316,316.5,317
1684717229507384313,313.5,313,312,311.5,311,315,315.5,316,316.5,317
1684717230824805465,314,313.5,313,312,311.5,315,315.5,316,316.5,317
1684717231638287259,314,313.5,313,312,311.5,315,315.5,316,316.5,317
1684717231693515184,314,313.5,313,312,311.5,315,315.5,316,316.5,317
1684717232618221581,314,313.5,313,312,311.5,315,315.5,316,316.5,317
1684717233138995113,314,313.5,313,312,311.5,315,315.5,316,316.5,317
1684717237237409713,314,313.5,313,312,311.5,315,315.5,316,316.5,317
1684717239851937058,314,313.5,313,312,311.5,315,315.5,316,316.5,317
1684717239969664620,314.5,314,313.5,313,312,315,315.5,316,316.5,317
1684717240403147713,314.5,314,313.5,313,312,315,315.5,316,316.5,317
1684717240415450480,314.5,314,313.5,313,312,315,315.5,316,316.5,317
1684717240435793943,314.5,314,313.5,313,312.5,315,315.5,316,316.5,317
1684717240435879223,314.5,314,313.5,313,312.5,315,315.5,316,316.5,317
1684717241105128875,314.5,314,313.5,313,312.5,315,315.5,316,316.5,317
1684717241819001883,314.5,314,313.5,313,312.5,315,315.5,316,316.5,317
1684717246597482152,314.5,314,313.5,313,312.5,315,315.5,316,316.5,317
1684717249598906560,314.5,314,313.5,313,312.5,315,315.5,316,316.5,317
1684717254729848223,314.5,314,313.5,313,312.5,315,315.5,316,316.5,317
1684717255340115081,314.5,314,313.5,313,312.5,315,315.5,316,316.5,317
1684717256959540668,314.5,314,313.5,313,312.5,315,315.5,316,316.5,317
1684717256991953209,314,313.5,313,312.5,312,315,315.5,316,316.5,317
1684717257025798891,314,313.5,313,312.5,312,315,315.5,316,316.5,317
1684717257057605375,314,313.5,313,312.5,312,315,315.5,316,316.5,317
1684717257891940970,314.5,314,313.5,313,312.5,315,315.5,316,316.5,317
1684717257933097037,314.5,314,313.5,313,312.5,315,315.5,316,316.5,317
1684717257970776757,314.5,314,313.5,313,312.5,315,315.5,316,316.5,317
1684717260169513866,314.5,314,313.5,313,312.5,315,315.5,316,316.5,317
1684717260514930002,314.5,314,313.5,313,312.5,315,315.5,316,316.5,317
1684717262349693155,314.5,314,313.5,313,312.5,315,315.5,316,316.5,317
1684717262977276974,314.5,314,313.5,313,312.5,315,315.5,316,316.5,317
1684717267283639511,314.5,314,313.5,313,312.5,315,315.5,316,316.5,317
1684717267320178038,314,313.5,313,312.5,312,315,315.5,316,316.5,317
1684717267352346572,314,313.5,313,312.5,312,315,315.5,316,316.5,317
1684717267384548217,314,313.5,313,312.5,312,315,315.5,316,316.5,317
1684717268205165358,314.5,314,313.5,313,312.5,315,315.5,316,316.5,317
1684717268242489951,314.5,314,313.5,313,312.5,315,315.5,316,316.5,317
1684717268242489951,314,313.5,313,312.5,312,315,315.5,316,316.5,317
1684717268281571273,314,313.5,313,312.5,312,315,315.5,316,316.5,317
1684717268281571273,314,313.5,313,312.5,312,315,315.5,316,316.5,317
1684717268281571273,314,313.5,313,312.5,312,315,315.5,316,316.5,317
1684717268292432704,314,313.5,313,312.5,312,315,315.5,316,316.5,317
1684717268317305430,314,313.5,313,312.5,312,315,315.5,316,316.5,317
1684717268326465277,314,313.5,313,312.5,312,315,315.5,316,316.5,317
1684717268326465277,313.5,313,312.5,312,311.5,315,315.5,316,316.5,317
1684717268359826299,313.5,313,312.5,312,311.5,315,315.5,316,316.5,317
1684717268394484246,313.5,313,312.5,312,311.5,315,315.5,316,316.5,317
1684717268406374639,313.5,313,312.5,312,311.5,315,315.5,316,316.5,317
1684717268594785172,314.5,313.5,313,312.5,312,315,315.5,316,316.5,317
1684717268628182152,314.5,313.5,313,312.5,312,315,315.5,316,316.5,317
1684717268628299762,313.5,313,312.5,312,311.5,314.5,315,315.5,316,316.5
1684717268628299762,313,312.5,312,311.5,311,314.5,315,315.5,316,316.5
1684717268628299762,313,312.5,312,311.5,311,314.5,315,315.5,316,316.5
1684717268628299762,313,312.5,312,311.5,311,314.5,315,315.5,316,316.5
1684717268661619257,313,312,311.5,311,310.5,314.5,315,315.5,316,316.5
1684717268684607134,313,312,311.5,311,310.5,314.5,315,315.5,316,316.5
1684717268695834883,313,312,311.5,311,310.5,314.5,315,315.5,316,316.5
1684717268695834883,313,312,311.5,311,310.5,314.5,315,315.5,316,316.5
1684717268695834883,313,312,311.5,311,310.5,314.5,315,315.5,316,316.5
1684717268715876810,313,312,311.5,311,310.5,314.5,315,315.5,316,316.5
1684717268748660378,313.5,313,312,311.5,311,314.5,315,315.5,316,316.5
1684717268782507633,313.5,313,312,311.5,311,314.5,315,315.5,316,316.5
1684717268782507633,313,312,311.5,311,310.5,314.5,315,315.5,316,316.5
1684717268817369974,313,312,311.5,311,310.5,314.5,315,315.5,316,316.5
1684717268817369974,313,312,311.5,311,310.5,314.5,315,315.5,316,316.5
1684717268848908745,313,312,311.5,311,310.5,314.5,315,315.5,316,316.5
1684717268939306979,313,312,311.5,311,310.5,314.5,315,315.5,316,316.5
1684717268949070830,313,312,311.5,311,310.5,314.5,315,315.5,316,316.5
1684717268970843275,313,312,311.5,311,310.5,314.5,315,315.5,316,316.5
1684717268981073041,313,312,311.5,311,310.5,314.5,315,315.5,316,316.5
1684717270136007330,313,312,311.5,311,310.5,315,315.5,316,316.5,317
1684717270172869215,313,312,311.5,311,310.5,315,315.5,316,316.5,317
1684717270193511068,313,312,311.5,311,310.5,315,315.5,316,316.5,317
1684717270203631418,313,312,311.5,311,310.5,315,315.5,316,316.5,317
1684717270203739772,313,312,311.5,311,310.5,315,315.5,316,316.5,317
1684717273353851898,314.5,313,312,311.5,311,315,315.5,316,316.5,317
1684717273353961043,314.5,314,313,312,311.5,315,315.5,316,316.5,317
1684717273386494622,314.5,314,313,312,311.5,315,315.5,316,316.5,317
1684717273386494622,314,313,312,311.5,311,315,315.5,316,316.5,317
1684717273386494622,314,313,312,311.5,311,314.5,315,315.5,316,316.5
1684717273419075059,314,313,312,311.5,311,314.5,315,315.5,316,316.5
1684717273419075059,314,313,312,311.5,311,314.5,315,315.5,316,316.5
1684717273429764086,314,313,312,311.5,311,314.5,315,315.5,316,316.5
1684717273452573789,314,313,312,311.5,311,314.5,315,315.5,316,316.5
1684717273452573789,314,313,312,311.5,311,314.5,315,315.5,316,316.5
1684717273463446532,313,312,311.5,311,310.5,314.5,315,315.5,316,316.5
1684717273495833916,313,312,311.5,311,310.5,314.5,315,315.5,316,316.5
1684717273528539387,313,312,311.5,311,310.5,314.5,315,315.5,316,316.5
1684717274891592521,313,312,311.5,311,310.5,314.5,315,315.5,316,316.5
1684717274924738058,313,312,311.5,311,310.5,315,315.5,316,316.5,317
1684717274962569603,313,312,311.5,311,310.5,315,315.5,316,316.5,317
1684717274996597107,313,312,311.5,311,310.5,315,315.5,316,316.5,317
1684717275297556259,314.5,313,312,311.5,311,315,315.5,316,316.5,317
1684717275330046246,314.5,313,312,311.5,311,315,315.5,316,316.5,317
1684717275366598139,314.5,313,312,311.5,311,315,315.5,316,316.5,317
1684717279961017215,314.5,313,312,311.5,311,315,315.5,316,316.5,317
1684717279995295349,313,312,311.5,311,310.5,315,315.5,316,316.5,317
1684717279995295349,313,312,311.5,311,310.5,314.5,315,315.5,316,316.5
1684717280016695837,313,312,311.5,311,310.5,314.5,315,315.5,316,316.5
1684717280027290277,313,312,311.5,311,310.5,314.5,315,315.5,316,316.5
1684717280027290277,313,312,311.5,311,310.5,314.5,315,315.5,316,316.5
1684717280027290277,313,312,311.5,311,310.5,314.5,315,315.5,316,316.5
1684717280048907160,313,312,311.5,311,310.5,314.5,315,315.5,316,316.5
1684717280048907160,313,312,311.5,311,310.5,314.5,315,315.5,316,316.5
1684717280048907160,313,312,311.5,311,310.5,314.5,315,315.5,316,316.5
1684717280049485566,313,312,311.5,311,310.5,314.5,315,315.5,316,316.5
1684717281497717916,313,312,311.5,311,310.5,314.5,315,315.5,316,316.5
1684717281542817766,313,312,311.5,311,310.5,315,315.5,316,316.5,317
1684717281575448628,313,312,311.5,311,310.5,315,315.5,316,316.5,317
1684717281608269967,313,312,311.5,311,310.5,315,315.5,316,316.5,317
1684717282716995594,313,312,311.5,311,310.5,314.5,315,315.5,316,316.5
1684717282749987694,313,312,311.5,311,310.5,314.5,315,315.5,316,316.5
1684717282782729894,313,312,311.5,311,310.5,314.5,315,315.5,316,316.5
1684717283642895514,313,312,311.5,311,310.5,314.5,315,315.5,316,316.5
1684717288047194750,313,312,311.5,311,310.5,314.5,315,315.5,316,316.5
1684717293214380073,313.5,313,312,311.5,311,314.5,315,315.5,316,316.5
1684717293249406762,313.5,313,312,311.5,311,314.5,315,315.5,316,316.5
1684717293249406762,313.5,313,312,311.5,311,314.5,315,315.5,316,316.5
1684717293294206059,313.5,313,312,311.5,311,314.5,315,315.5,316,316.5
1684717296896468838,313.5,313,312,311.5,311,314.5,315,315.5,316,316.5
1684717299751881096,313.5,313,312,311.5,311,314.5,315,315.5,316,316.5
1684717301095194461,313.5,313,312,311.5,311,314.5,315,315.5,316,316.5
1684717302307421563,313.5,313,312,311.5,311,314.5,315,315.5,316,316.5
1684717302350670098,313.5,313,312,311.5,311,315,315.5,316,316.5,317
1684717302383626421,313.5,313,312,311.5,311,315,315.5,316,316.5,317
1684717302416122018,313.5,313,312.5,312,311.5,315,315.5,316,316.5,317
1684717306939566431,313.5,313,312.5,312,311.5,315,315.5,316,316.5,317
1684717308834635616,314.5,313.5,313,312.5,312,315,315.5,316,316.5,317
1684717308866247394,314.5,313.5,313,312.5,312,315,315.5,316,316.5,317
1684717308866247394,313.5,313,312.5,312,311.5,315,315.5,316,316.5,317
1684717308866247394,313.5,313,312.5,312,311.5,314.5,315,315.5,316,316.5
1684717308899875958,313.5,313,312,311.5,311,314.5,315,315.5,316,316.5
1684717308900018175,313.5,313,312,311.5,311,314.5,315,315.5,316,316.5
1684717308931641625,313.5,313,312,311.5,311,314.5,315,315.5,316,316.5
1684717308931641625,313.5,313,312,311.5,311,314.5,315,315.5,316,316.5
1684717310365472879,313.5,313,312,311.5,311,314.5,315,315.5,316,316.5
1684717310398111235,313.5,313,312,311.5,311,315,315.5,316,316.5,317
1684717310429272848,313.5,313,312,311.5,311,315,315.5,316,316.5,317
1684717310463846286,313.5,313,312.5,312,311.5,315,315.5,316,316.5,317
1684717311543755084,313.5,313,312.5,312,311.5,315,315.5,316,316.5,317
1684717315153620909,314,313.5,313,312.5,312,315,315.5,316,316.5,317
1684717315184500553,314,313.5,313,312.5,312,315,315.5,316,316.5,317
1684717315218405256,314,313.5,313,312.5,312,315,315.5,316,316.5,317
1684717321632478369,314.5,314,313.5,313,312.5,315,315.5,316,316.5,317
1684717321664456976,314.5,314,313.5,313,312.5,315,315.5,316,316.5,317
1684717321664456976,314,313.5,313,312.5,312,315,315.5,316,316.5,317
1684717321664456976,314,313.5,313,312.5,312,314.5,315,315.5,316,316.5
1684717321695127848,314,313.5,313,312,311.5,314.5,315,315.5,316,316.5
1684717321726278751,314,313.5,313,312,311.5,314.5,315,315.5,316,316.5
1684717321726278751,313.5,313,312,311.5,311,314.5,315,315.5,316,316.5
1684717321726364441,313.5,313,312,311.5,311,314.5,315,315.5,316,316.5
1684717321759132991,313.5,313,312,311.5,311,314.5,315,315.5,316,316.5
1684717321759132991,313,312,311.5,311,310.5,314.5,315,315.5,316,316.5
1684717321759267744,313,312,311.5,311,310.5,314.5,315,315.5,316,316.5
1684717321791385663,313,312,311.5,311,310.5,314.5,315,315.5,316,316.5
1684717321791385663,313,312,311.5,311,310.5,314.5,315,315.5,316,316.5
1684717321824086926,313,312,311.5,311,310.5,314.5,315,315.5,316,316.5
1684717322349788642,314,313,312,311.5,311,314.5,315,315.5,316,316.5
1684717322381859021,314,313,312,311.5,311,314.5,315,315.5,316,316.5
1684717322381859021,313,312,311.5,311,310.5,314.5,315,315.5,316,316.5
1684717322416024484,313,312,311.5,311,310.5,314.5,315,315.5,316,316.5
1684717322416135572,313,312,311.5,311,310.5,314.5,315,315.5,316,316.5
1684717322449262986,313,312,311.5,311,310.5,314.5,315,315.5,316,316.5
1684717323166210719,313,312,311.5,311,310.5,314.5,315,315.5,316,316.5
1684717323211257850,313,312,311.5,311,310.5,315,315.5,316,316.5,317
1684717323244160161,313,312,311.5,311,310.5,315,315.5,316,316.5,317
1684717323276545712,313,312,311.5,311,310.5,315,315.5,316,316.5,317
1684717324062652935,313,312,311.5,311,310.5,314.5,315,315.5,316,316.5
1684717324094936935,313,312,311.5,311,310.5,314.5,315,315.5,316,316.5
1684717324128949300,313,312,311.5,311,310.5,314.5,315,315.5,316,316.5
1684717327783386877,313,312,311.5,311,310.5,314.5,315,315.5,316,316.5
1684717329299266489,313,312,311.5,311,310.5,314.5,315,315.5,316,316.5
1684717330017345346,313,312,311.5,311,310.5,314.5,315,315.5,316,316.5
1684717330418617757,313,312,311.5,311,310.5,314.5,315,315.5,316,316.5
1684717330449325799,313,312,311.5,311,310.5,314.5,315,315.5,316,316.5
1684717334553160397,313,312,311.5,311,310.5,314,314.5,315,315.5,316
1684717334576484636,313,312,311.5,311,310.5,314,314.5,315,315.5,316
1684717334599060931,313,312,311.5,311,310.5,314,314.5,315,315.5,316
1684717339264130386,313,312,311.5,311,310.5,314,314.5,315,315.5,316
1684717343927309222,313,312,311.5,311,310.5,314.5,315,315.5,316,316.5
1684717343948132386,313,312,311.5,311,310.5,314.5,315,315.5,316,316.5
1684717343970374263,313,312,311.5,311,310.5,314.5,315,315.5,316,316.5
1684717344119783395,313.5,313,312,311.5,311,314.5,315,315.5,316,316.5
1684717344143084841,313.5,313,312,311.5,311,314.5,315,315.5,316,316.5
1684717344143084841,313,312,311.5,311,310.5,314.5,315,315.5,316,316.5
1684717344163887075,313,312,311.5,311,310.5,314.5,315,315.5,316,316.5
1684717344164048318,313,312,311.5,311,310.5,314.5,315,315.5,316,316.5
1684717344184535010,313,312,311.5,311,310.5,314.5,315,315.5,316,316.5
1684717344618759025,314,313,312,311.5,311,314.5,315,315.5,316,316.5
1684717344641100790,314,313,312,311.5,311,314.5,315,315.5,316,316.5
1684717344641116649,313,312,311.5,311,310.5,314.5,315,315.5,316,316.5
1684717344651776062,313,312,311.5,311,310.5,314,314.5,315,315.5,316
1684717344684058850,313,312,311.5,311,310.5,314,314.5,315,315.5,316
1684717344684058850,313,312,311.5,311,310.5,314,314.5,315,315.5,316
1684717344684058850,313,312,311.5,311,310.5,314,314.5,315,315.5,316
1684717344706663528,313,312,311.5,311,310.5,314,314.5,315,315.5,316
1684717345151804128,313,312,311.5,311,310.5,314,314.5,315,315.5,316
1684717345807700723,313,312,311.5,311,310.5,314,314.5,315,315.5,316
1684717346146719099,313,312,311.5,311,310.5,314,314.5,315,315.5,316
1684717346180292380,313,312,311.5,311,310.5,314.5,315,315.5,316,316.5
1684717346203473590,313,312,311.5,311,310.5,314.5,315,315.5,316,316.5
1684717346235861405,313,312,311.5,311,310.5,314.5,315,315.5,316,316.5
1684717348062510490,313,312,311.5,311,310.5,314,314.5,315,315.5,316
1684717348084995644,313,312,311.5,311,310.5,314,314.5,315,315.5,316
1684717348097488508,313,312,311.5,311,310.5,314,314.5,315,315.5,316
1684717348117748474,313,312,311.5,311,310.5,314,314.5,315,315.5,316
1684717349445917399,313,312,311.5,311,310.5,314,314.5,315,315.5,316
1684717349470639612,312,311.5,311,310.5,310,314,314.5,315,315.5,316
1684717349500428358,312,311.5,311,310.5,310,314,314.5,315,315.5,316
1684717349531072008,312,311.5,311,310.5,310,314,314.5,315,315.5,316
1684717349617599245,313,312,311.5,311,310.5,314,314.5,315,315.5,316
1684717349636498858,313,312,311.5,311,310.5,314,314.5,315,315.5,316
1684717349636645092,312,311.5,311,310.5,310,314,314.5,315,315.5,316
1684717349636645092,312,311.5,311,310.5,310,313,314,314.5,315,315.5
1684717349658073242,312,311.5,311,310.5,310,313,314,314.5,315,315.5
1684717349658073242,312,311.5,311,310.5,310,313,314,314.5,315,315.5
1684717349658225207,312,311.5,311,310.5,310,313,314,314.5,315,315.5
1684717349682941720,312,311.5,311,310.5,310,313,314,314.5,315,315.5
1684717349683049252,312,311.5,311,310.5,310,313,314,314.5,315,315.5
1684717351144832535,312,311.5,311,310.5,310,314,314.5,315,315.5,316
1684717351168223329,312,311.5,311,310.5,310,314,314.5,315,315.5,316
1684717351188854732,312,311.5,311,310.5,310,314,314.5,315,315.5,316
1684717354282098141,312,311.5,311,310.5,310,314,314.5,315,315.5,316
1684717354739909149,312,311.5,311,310.5,310,314,314.5,315,315.5,316
1684717354762443756,312,311.5,311,310.5,310,314,314.5,315,315.5,316
1684717354793184118,312,311.5,311,310.5,310,314,314.5,315,315.5,316
1684717354824813109,312,311.5,311,310.5,310,314,314.5,315,315.5,316
1684717355174877833,312,311.5,311,310.5,310,314,314.5,315,315.5,316
1684717357819670337,312,311.5,311,310.5,310,313,314,314.5,315,315.5
1684717357841654751,312,311.5,311,310.5,310,313,314,314.5,315,315.5
1684717357864746513,312,311.5,311,310.5,310,313,314,314.5,315,315.5
1684717359275611673,312,311.5,311,310.5,310,313,314,314.5,315,315.5
1684717360163952150,312,311.5,311,310.5,310,313,314,314.5,315,315.5
1684717360395765308,312,311.5,311,310.5,310,313,314,314.5,315,315.5
1684717362930358554,312,311.5,311,310.5,310,313,314,314.5,315,315.5
1684717362963706061,312,311.5,311,310.5,310,313,314,314.5,315,315.5
1684717363118688235,312,311.5,311,310.5,310,313,314,314.5,315,315.5
1684717364529605543,312,311.5,311,310.5,310,313,314,314.5,315,315.5
1684717365167204516,312,311.5,311,310.5,310,313,314,314.5,315,315.5
1684717365217533514,311.5,311,310.5,310,309.5,313,314,314.5,315,315.5
1684717365250465461,311.5,311,310.5,310,309.5,313,314,314.5,315,315.5
1684717365260601370,311.5,311,310.5,310,309.5,313,314,314.5,315,315.5
1684717365283717559,311.5,311,310.5,310,309.5,313,314,314.5,315,315.5
1684717365351296302,311.5,311,310.5,310,309.5,312,313,314,314.5,315
1684717365382487210,311.5,311,310.5,310,309.5,312,313,314,314.5,315
1684717365382487210,311.5,311,310.5,310,309.5,313,314,314.5,315,315.5
1684717365416226993,311.5,311,310.5,310,309.5,313,314,314.5,315,315.5
1684717365416226993,311.5,311,310.5,310,309.5,313,314,314.5,315,315.5
1684717365449045166,311.5,311,310.5,310,309.5,313,314,314.5,315,315.5
1684717365515553219,311.5,311,310.5,310,309.5,312,313,314,314.5,315
1684717365551385461,311.5,311,310.5,310,309.5,312,313,314,314.5,315
1684717365551417741,311.5,311,310.5,310,309.5,313,314,314.5,315,315.5
1684717365591248670,311.5,311,310.5,310,309.5,313,314,314.5,315,315.5
1684717365591248670,311.5,311,310.5,310,309.5,313,314,314.5,315,315.5
1684717365625469507,311.5,311,310.5,310,309.5,313,314,314.5,315,315.5
1684717365980753971,311.5,311,310.5,310,309.5,312.5,313,314,314.5,315
1684717366005496893,311.5,311,310.5,310,309.5,312.5,313,314,314.5,315
1684717366038037144,311.5,311,310.5,310,309.5,312.5,313,314,314.5,315
1684717366139396828,311.5,311,310.5,310,309.5,312.5,313,314,314.5,315
1684717367321272571,311.5,311,310.5,310,309.5,312.5,313,314,314.5,315
1684717370424520715,311.5,311,310.5,310,309.5,312.5,313,314,314.5,315
1684717370497314198,311.5,311,310.5,310,309.5,312.5,313,314,314.5,315
1684717371952406650,311.5,311,310.5,310,309.5,312.5,313,314,314.5,315
1684717371997393138,311.5,311,310.5,310,309.5,312.5,313,314,314.5,315
1684717372912244628,0,0,0,0,0,0,0,0,0,0
1684717372912244628,311,310.5,310,309.5,309,312.5,313,314,314.5,315
1684717372932573273,311,310.5,310,309.5,309,312.5,313,314,314.5,315
1684717372932573273,311,310.5,310,309.5,309,312.5,313,314,314.5,315
1684717372955029553,311,310.5,310,309.5,309,312.5,313,314,314.5,315
1684717372955138698,311,310.5,310,309.5,309,312.5,313,313.5,314,314.5
1684717373694725344,311,310.5,310,309.5,309,312.5,313,313.5,314,314.5
1684717376499283545,311,310.5,310,309.5,309,311.5,312.5,313,313.5,314
1684717376532630611,311,310.5,310,309.5,309,311.5,312.5,313,313.5,314
1684717376532630611,311,310.5,310,309.5,309,312.5,313,313.5,314,314.5
1684717376565691320,311,310.5,310,309.5,309,312.5,313,313.5,314,314.5
1684717376565691320,311,310.5,310,309.5,309,312.5,313,313.5,314,314.5
1684717376598862455,311,310.5,310,309.5,309,312.5,313,313.5,314,314.5
1684717377180482975,311,310.5,310,309.5,309,312.5,313,313.5,314,314.5
1684717377778755056,311,310.5,310,309.5,309,311.5,312.5,313,313.5,314
1684717377808882417,311,310.5,310,309.5,309,311.5,312.5,313,313.5,314
1684717377808882417,311,310.5,310,309.5,309,312.5,313,313.5,314,314.5
1684717377829590955,311,310.5,310,309.5,309,312.5,313,313.5,314,314.5
1684717377839574949,311,310.5,310,309.5,309,312.5,313,313.5,314,314.5
1684717377839574949,311,310.5,310,309.5,309,312.5,313,313.5,314,314.5
1684717377860091177,311,310.5,310,309.5,309,312.5,313,313.5,314,314.5
1684717379376423151,311,310.5,310,309.5,309,312,312.5,313,313.5,314
1684717379406185668,311,310.5,310,309.5,309,312,312.5,313,313.5,314
1684717379406185668,311,310.5,310,309.5,309,312.5,313,313.5,314,314.5
1684717379436930949,311,310.5,310,309.5,309,312.5,313,313.5,314,314.5
1684717379436930949,311.5,311,310.5,310,309.5,312.5,313,313.5,314,314.5
1684717379437069920,311.5,311,310.5,310,309.5,312.5,313,313.5,314,314.5
1684717379467933444,311.5,311,310.5,310,309.5,312.5,313,313.5,314,314.5
1684717379467933444,311.5,311,310.5,310,309.5,312.5,313,314,314.5,315
1684717379468044011,311.5,311,310.5,310,309.5,312.5,313,314,314.5,315
1684717379468044011,311.5,311,310.5,310,309.5,312.5,313,314,314.5,315
1684717379500477322,311.5,311,310.5,310,309.5,312.5,313,314,314.5,315
1684717379500502910,311.5,311,310.5,310,309.5,312.5,313,314,314.5,315
1684717379598630726,311.5,311,310.5,310,309.5,312.5,313,314,314.5,315
1684717379751451002,311.5,311,310.5,310,309.5,312.5,313,314,314.5,315
1684717381846496699,311.5,311,310.5,310,309.5,312.5,313,314,314.5,315
1684717381891665920,311,310.5,310,309.5,309,312.5,313,314,314.5,315
1684717381902035027,311,310.5,310,309.5,309,312,312.5,313,314,314.5
1684717381924995443,311,310.5,310,309.5,309,312,312.5,313,314,314.5
1684717381925791006,311,310.5,310,309.5,309,312,312.5,313,314,314.5
1684717381925791006,311,310.5,310,309.5,309,312,312.5,313,313.5,314
1684717381948204596,311,310.5,310,309.5,309,312,312.5,313,313.5,314
1684717382393533360,311,310.5,310,309.5,309,312,312.5,313,313.5,314
1684717383468287893,311,310.5,310,309.5,309,312,312.5,313,313.5,314
1684717385306406954,311,310.5,310,309.5,309,312,312.5,313,313.5,314
1684717388150286859,311,310.5,310,309.5,309,312,312.5,313,313.5,314
1684717388633517210,311,310.5,310,309.5,309,312,312.5,313,313.5,314
1684717389227416973,311,310.5,310,309.5,309,312,312.5,313,313.5,314
1684717389568123077,311,310.5,310,309.5,309,312,312.5,313,313.5,314
1684717391694407673,311,310.5,310,309.5,309,312,312.5,313,313.5,314
1684717391715070686,311,310.5,310,309.5,309,312,312.5,313,313.5,314
1684717395059299511,311.5,311,310.5,310,309.5,312,312.5,313,313.5,314
1684717395093512092,311.5,311,310.5,310,309.5,312,312.5,313,314,314.5
1684717395093512092,311.5,311,310.5,310,309.5,312.5,313,314,314.5,315
1684717395127008659,311.5,311,310.5,310,309.5,312.5,313,314,314.5,315
1684717395127008659,311.5,311,310.5,310,309.5,312.5,313,314,314.5,315
1684717395127154182,311.5,311,310.5,310,309.5,312.5,313,314,314.5,315
1684717395127169421,311.5,311,310.5,310,309.5,312.5,313,314,314.5,315
1684717395149766144,311.5,311,310.5,310,309.5,312.5,313,314,314.5,315
1684717395161627392,311.5,311,310.5,310,309.5,312.5,313,314,314.5,315
1684717396117000879,311.5,311,310.5,310,309.5,312.5,313,314,314.5,315
1684717396147689865,311.5,311,310.5,310,309.5,312.5,313,314,314.5,315
1684717400232944259,311.5,311,310.5,310,309.5,312.5,313,314,314.5,315
1684717400307168448,311,310.5,310,309.5,309,312.5,313,314,314.5,315
1684717400330087466,311,310.5,310,309.5,309,312.5,313,314,314.5,315
1684717400340049920,311,310.5,310,309.5,309,312.5,313,314,314.5,315
1684717400352780701,311,310.5,310,309.5,309,312.5,313,314,314.5,315
1684717400362887145,311,310.5,310,309.5,309,312.5,313,313.5,314,314.5
1684717400374974257,311.5,311,310.5,310,309.5,312.5,313,313.5,314,314.5
1684717400385584757,312,311.5,311,310.5,310,312.5,313,313.5,314,314.5
1684717400409483846,312,311.5,311,310.5,310,312.5,313,314,314.5,315
1684717400409927048,312,311.5,311,310.5,310,312.5,313,314,314.5,315
1684717400475537676,0,0,0,0,0,0,0,0,0,0
1684717400475537676,311,310.5,310,309.5,309,312.5,313,314,314.5,315
1684717400509279012,311,310.5,310,309.5,309,312.5,313,314,314.5,315
1684717400541848699,311,310.5,310,309.5,309,312.5,313,313.5,314,314.5
1684717400869818462,311,310.5,310,309.5,309,312,312.5,313,313.5,314
1684717400892255426,311,310.5,310,309.5,309,312,312.5,313,313.5,314
1684717400916575374,311,310.5,310,309.5,309,312,312.5,313,313.5,314
1684717401799270985,311,310.5,310,309.5,309,312,312.5,313,313.5,314
1684717401832193764,311,310.5,310,309.5,309,312,312.5,313,313.5,314
1684717403208713656,311,310.5,310,309.5,309,311.5,312,312.5,313,313.5
1684717403241082325,311,310.5,310,309.5,309,311.5,312,312.5,313,313.5
1684717403278330305,311,310.5,310,309.5,309,311.5,312,312.5,313,313.5
1684717403463266095,311,310.5,310,309.5,309,311.5,312,312.5,313,313.5
1684717405826664892,311,310.5,310,309.5,309,311.5,312,312.5,313,313.5
1684717406116562288,311,310.5,310,309.5,309,311.5,312,312.5,313,313.5
1684717407192802341,311,310.5,310,309.5,309,311.5,312,312.5,313,313.5
1684717409667961238,311,310.5,310,309.5,309,311.5,312,312.5,313,313.5
1684717409722157176,311,310.5,310,309.5,309,311.5,312,312.5,313,313.5
1684717409754751248,311,310.5,310,309.5,309,311.5,312,312.5,313,313.5
1684717409786836866,310.5,310,309.5,309,308.5,311.5,312,312.5,313,313.5
1684717409821793133,310.5,310,309.5,309,308.5,311.5,312,312.5,313,314
1684717409831916399,310.5,310,309.5,309,308.5,311.5,312,312.5,313,314
1684717409856492057,310.5,310,309.5,309,308.5,311.5,312,312.5,313,314
1684717411722032891,310.5,310,309.5,309,308.5,311.5,312,312.5,313,314
1684717412855808172,310.5,310,309.5,309,308.5,311.5,312,312.5,313,314
1684717413547929467,310.5,310,309.5,309,308.5,311.5,312,312.5,313,314
1684717414175901267,310.5,310,309.5,309,308.5,311.5,312,312.5,313,314
1684717414197151943,310.5,310,309.5,309,308.5,311.5,312,312.5,313,314
1684717415106366932,310.5,310,309.5,309,308.5,311,311.5,312,312.5,313
1684717415141093899,310.5,310,309.5,309,308.5,311,311.5,312,312.5,313
1684717415174039912,310.5,310,309.5,309,308.5,311,311.5,312,312.5,313
1684717417740123813,310.5,310,309.5,309,308.5,311,311.5,312,312.5,313
1684717418147583322,310.5,310,309.5,309,308.5,311,311.5,312,312.5,313
1684717418420212919,310.5,310,309.5,309,308.5,311,311.5,312,312.5,313
1684717419397926969,310.5,310,309.5,309,308.5,311,311.5,312.5,313,314
1684717420246701897,310.5,310,309.5,309,308.5,311,311.5,312.5,313,314
1684717421091576102,310.5,310,309.5,309,308.5,311,311.5,312.5,313,314
1684717421808910473,310.5,310,309.5,309,308.5,311,311.5,312.5,313,314
1684717422852213641,310.5,310,309.5,309,308.5,311,311.5,312.5,313,314
1684717423916867091,310.5,310,309.5,309,308.5,311,311.5,312.5,313,314
1684717424996285593,310.5,310,309.5,309,308.5,311,311.5,312.5,313,314
1684717425345441892,310.5,310,309.5,309,308.5,311,311.5,312.5,313,314
1684717425802906100,310.5,310,309.5,309,308.5,311,311.5,312.5,313,314
1684717426582753754,310,309.5,309,308.5,308,311,311.5,312.5,313,314
1684717426616299202,310,309.5,309,308.5,308,311,311.5,312.5,313,314
1684717426626544166,310,309.5,309,308.5,308,311,311.5,312.5,313,314
1684717426649117175,310,309.5,309,308.5,308,311,311.5,312.5,313,314
1684717426919410817,310,309.5,309,308.5,308,310.5,311,311.5,312.5,313
1684717426944716176,310,309.5,309,308.5,308,310.5,311,311.5,312.5,313
1684717426944716176,310,309.5,309,308.5,308,311,311.5,312.5,313,314
1684717426956405702,310,309.5,309,308.5,308,311,311.5,312.5,313,314
1684717426978674319,310,309.5,309,308.5,308,311,311.5,312.5,313,314
1684717426978813921,310,309.5,309,308.5,308,311,311.5,312.5,313,314
1684717426991424927,310,309.5,309,308.5,308,311,311.5,312.5,313,314
1684717426991424927,310,309.5,309,308.5,308,311,311.5,312.5,313,314
1684717427021658889,310,309.5,309,308.5,308,311.5,312.5,313,314,314.5
1684717427045629141,310,309.5,309,308.5,308,311.5,312.5,313,314,314.5
1684717427045734869,310,309.5,309,308.5,308,311.5,312.5,313,314,314.5
1684717427066551651,310,309.5,309,308.5,308,311.5,312.5,313,314,314.5
1684717427066551651,310.5,310,309.5,309,308.5,311.5,312.5,313,314,314.5
1684717427087041689,310.5,310,309.5,309,308.5,311.5,312.5,313,314,314.5
1684717427097424311,310.5,310,309.5,309,308.5,311.5,312.5,313,314,314.5
1684717427110269277,310.5,310,309.5,309,308.5,311.5,312.5,313,314,314.5
1684717427133677403,310.5,310,309.5,309,308.5,312.5,313,314,314.5,315
1684717427166038769,311,310.5,310,309.5,309,312.5,313,314,314.5,315
1684717427166038769,311,310.5,310,309.5,309,312.5,313,314,314.5,315
1684717427166195092,311,310.5,310,309.5,309,312.5,313,314,314.5,315
1684717427200397685,311,310.5,310,309.5,309,312.5,313,314,314.5,315
1684717427201819494,310.5,310,309.5,309,308.5,312.5,313,314,314.5,315
1684717427201819494,310.5,310,309.5,309,308.5,312.5,313,314,314.5,315
1684717427201819494,310.5,310,309.5,309,308.5,312.5,313,314,314.5,315
1684717427202468853,311,310.5,310,309.5,309,312.5,313,314,314.5,315
1684717427231591849,311,310.5,310,309.5,309,312.5,313,313.5,314,314.5
1684717427231698349,311,310.5,310,309.5,309,312.5,313,314,314.5,315
1684717427231698349,310.5,310,309.5,309,308.5,312.5,313,314,314.5,315
1684717427266454891,310.5,310,309.5,309,308.5,312.5,313,313.5,314,314.5
1684717427266454891,311,310.5,310,309.5,309,312.5,313,313.5,314,314.5
1684717427266454891,311,310.5,310,309.5,309,312.5,313,314,314.5,315
1684717427299306257,311,310.5,310,309.5,309,312.5,313,314,314.5,315
1684717427299306257,311,310.5,310,309.5,309,312.5,313,314,314.5,315
1684717427322527703,311,310.5,310,309.5,309,312.5,313,313.5,314,314.5
1684717428810563807,311,310.5,310,309.5,309,312.5,313,313.5,314,314.5
1684717429547294302,311,310.5,310,309.5,309,313,313.5,314,314.5,315
1684717429565424680,311,310.5,310,309.5,309,313,313.5,314,314.5,315
1684717429565424680,311.5,311,310.5,310,309.5,313,313.5,314,314.5,315
1684717429565529296,311.5,311,310.5,310,309.5,313,313.5,314,314.5,315
1684717429586110355,311.5,311,310.5,310,309.5,313,313.5,314,314.5,315
1684717429586110355,311,310.5,310,309.5,309,313,313.5,314,314.5,315
1684717429586110355,311,310.5,310,309.5,309,313,314,314.5,315,315.5
1684717429608647798,311,310.5,310,309.5,309,313,314,314.5,315,315.5
1684717429608647798,311,310.5,310,309.5,309,313,314,314.5,315,315.5
1684717429630572008,311,310.5,310,309.5,309,313,314,314.5,315,315.5
1684717429630615169,311.5,311,310.5,310,309.5,313,314,314.5,315,315.5
1684717429655685226,311.5,311,310.5,310,309.5,313,314,314.5,315,315.5
1684717429686261871,311.5,311,310.5,310,309.5,313,314,314.5,315,315.5
1684717436136604480,311.5,311,310.5,310,309.5,313,314,314.5,315,315.5
1684717436688360653,311.5,311,310.5,310,309.5,313,314,314.5,315,315.5
1684717437069223989,311.5,311,310.5,310,309.5,313,314,314.5,315,315.5
1684717437907678653,311.5,311,310.5,310,309.5,313,314,314.5,315,315.5
1684717438569505704,311.5,311,310.5,310,309.5,313,314,314.5,315,315.5
1684717439717420912,311.5,311,310.5,310,309.5,313,314,314.5,315,315.5
1684717443426722493,311.5,311,310.5,310,309.5,312.5,313,314,314.5,315
1684717443457258011,311.5,311,310.5,310,309.5,312.5,313,314,314.5,315
1684717443479622929,311.5,311,310.5,310,309.5,312.5,313,314,314.5,315
1684717443522551834,311,310.5,310,309.5,309,312.5,313,314,314.5,315
1684717443555260432,311,310.5,310,309.5,309,312.5,313,314,314.5,315
1684717443565876052,311,310.5,310,309.5,309,312.5,313,314,314.5,315
1684717443585069746,311,310.5,310,309.5,309,312.5,313,313.5,314,314.5
1684717446979703688,311,310.5,310,309.5,309,311.5,312.5,313,313.5,314
1684717447010654475,311,310.5,310,309.5,309,311.5,312.5,313,313.5,314
1684717447010654475,311,310.5,310,309.5,309,311.5,312.5,313,313.5,314
1684717447032940545,311,310.5,310,309.5,309,311.5,312.5,313,313.5,314
1684717447033040583,311,310.5,310,309.5,309,311.5,312.5,313,313.5,314
1684717449164909867,311,310.5,310,309.5,309,312.5,313,313.5,314,314.5
1684717449196009604,311,310.5,310,309.5,309,312.5,313,313.5,314,314.5
1684717449196117456,311,310.5,310,309.5,309,312.5,313,313.5,314,314.5
1684717449228441272,311,310.5,310,309.5,309,312.5,313,313.5,314,314.5
1684717449974711347,311,310.5,310,309.5,309,312.5,313,313.5,314,314.5
1684717450338369963,311,310.5,310,309.5,309,312.5,313,313.5,314,314.5
1684717451322496323,311,310.5,310,309.5,309,312.5,313,313.5,314,314.5
1684717452115172923,311,310.5,310,309.5,309,312.5,313,313.5,314,314.5
1684717452415250952,311,310.5,310,309.5,309,312.5,313,313.5,314,314.5
1684717453361703633,311,310.5,310,309.5,309,312.5,313,313.5,314,314.5
1684717453959291160,311,310.5,310,309.5,309,312.5,313,313.5,314,314.5
1684717455019272270,311.5,311,310.5,310,309.5,312.5,313,313.5,314,314.5
1684717455043063326,311.5,311,310.5,310,309.5,312.5,313,314,314.5,315
1684717455043063326,311.5,311,310.5,310,309.5,312.5,313,314,314.5,315
1684717455074690563,311.5,311,310.5,310,309.5,312.5,313,314,314.5,315
1684717456357914582,311.5,311,310.5,310,309.5,312.5,313,314,314.5,315
1684717457201365926,311.5,311,310.5,310,309.5,312.5,313,314,314.5,315
1684717460103824173,311.5,311,310.5,310,309.5,312.5,313,314,314.5,315
1684717462030619430,312,311.5,311,310.5,310,312.5,313,314,314.5,315
1684717462062861792,312,311.5,311,310.5,310,312.5,313,314,314.5,315
1684717462062861792,312,311.5,311,310.5,310,312.5,313,314,314.5,315
1684717462086708252,312,311.5,311,310.5,310,312.5,313,314,314.5,315
1684717467250058263,312,311.5,311,310.5,310,312.5,313,314,314.5,315
1684717470623226497,312,311.5,311,310.5,310,312.5,313,314,314.5,315
1684717471449509791,312,311.5,311,310.5,310,312.5,313,314,314.5,315
1684717473871219476,312,311.5,311,310.5,310,312.5,313,314,314.5,315
1684717476880890697,312,311.5,311,310.5,310,312.5,313,314,314.5,315
1684717478640962897,312,311.5,311,310.5,310,312.5,313,314,314.5,315
1684717479024781993,312,311.5,311,310.5,310,312.5,313,314,314.5,315
1684717482053149225,312,311.5,311,310.5,310,312.5,313,314,314.5,315
1684717483183766299,312,311.5,311,310.5,310,312.5,313,314,314.5,315
1684717483768275904,312,311.5,311,310.5,310,312.5,313,314,314.5,315
1684717484521261659,312,311.5,311,310.5,310,312.5,313,314,314.5,315
1684717489841041266,312,311.5,311,310.5,310,312.5,313,314,314.5,315
1684717490593590110,312,311.5,311,310.5,310,312.5,313,314,314.5,315
1684717494012347596,312,311.5,311,310.5,310,312.5,313,314,314.5,315
1684717494349348095,312,311.5,311,310.5,310,312.5,313,314,314.5,315
1684717494394593600,312,311.5,311,310.5,310,312.5,313,314,314.5,315
1684717498000177917,312,311.5,311,310.5,310,312.5,313,314,314.5,315
1684717500341347187,312,311.5,311,310.5,310,312.5,313,314,314.5,315
1684717503364298673,312,311.5,311,310.5,310,312.5,313,314,314.5,315
1684717503504977355,312,311.5,311,310.5,310,312.5,313,314,314.5,315
1684717505900685838,312,311.5,311,310.5,310,313,314,314.5,315,315.5
1684717505924415528,312,311.5,311,310.5,310,313,314,314.5,315,315.5
1684717505924476393,312,311.5,311,310.5,310,313,314,314.5,315,315.5
1684717505924476393,312,311.5,311,310.5,310,313,314,314.5,315,315.5
1684717506500524082,312.5,312,311.5,311,310.5,313,314,314.5,315,315.5
1684717506533066898,312.5,312,311.5,311,310.5,313,314,314.5,315,315.5
1684717506533207251,312.5,312,311.5,311,310.5,313,314,314.5,315,315.5
1684717506566041655,312.5,312,311.5,311,310.5,313,314,314.5,315,315.5
1684717508011973005,312.5,312,311.5,311,310.5,313,314,314.5,315,315.5
1684717508669182127,312.5,312,311.5,311,310.5,313,314,314.5,315,315.5
1684717509618018745,312.5,312,311.5,311,310.5,313,314,314.5,315,315.5
1684717511447613489,312.5,312,311.5,311,310.5,313,314,314.5,315,315.5
1684717512901519390,312.5,312,311.5,311,310.5,313,314,314.5,315,315.5
1684717513082153876,312.5,312,311.5,311,310.5,313,314,314.5,315,315.5
1684717513462663960,312.5,312,311.5,311,310.5,313,314,314.5,315,315.5
1684717514168419745,312.5,312,311.5,311,310.5,313,314,314.5,315,315.5
1684717516443076845,312.5,312,311.5,311,310.5,313,314,314.5,315,315.5
1684717532667853702,312.5,312,311.5,311,310.5,313,314,314.5,315,315.5
1684717533177740580,312.5,312,311.5,311,310.5,313,314,314.5,315,315.5
1684717533557812412,312.5,312,311.5,311,310.5,313,314,314.5,315,315.5
1684717536019378910,312.5,312,311.5,311,310.5,313,314,314.5,315,315.5
1684717537648823441,312.5,312,311.5,311,310.5,313,314,314.5,315,315.5
1684717539106896767,312.5,312,311.5,311,310.5,313,314,314.5,315,315.5
1684717544378360224,312.5,312,311.5,311,310.5,313,314,314.5,315,315.5
1684717547279485946,312.5,312,311.5,311,310.5,313,313.5,314,314.5,315
1684717553255486342,312.5,312,311.5,311,310.5,313,313.5,314,314.5,315
1684717553384679130,312.5,312,311.5,311,310.5,313,313.5,314,314.5,315
1684717553645848273,312.5,312,311.5,311,310.5,313,313.5,314,314.5,315
1684717553680818226,312,311.5,311,310.5,310,313,313.5,314,314.5,315
1684717553713393503,312,311.5,311,310.5,310,313,313.5,314,314.5,315
1684717553723686547,312,311.5,311,310.5,310,313,313.5,314,314.5,315
1684717553744101064,312,311.5,311,310.5,310,313,313.5,314,314.5,315
1684717564105944494,312,311.5,311,310.5,310,313,313.5,314,314.5,315
1684717566777892216,312,311.5,311,310.5,310,313,313.5,314,314.5,315
1684717568799265130,312,311.5,311,310.5,310,313,313.5,314,314.5,315
1684717569601350687,312,311.5,311,310.5,310,313,313.5,314,314.5,315
1684717570938507104,312,311.5,311,310.5,310,313,313.5,314,314.5,315
1684717571830821939,312,311.5,311,310.5,310,313,313.5,314,314.5,315
1684717572409793578,312,311.5,311,310.5,310,313,313.5,314,314.5,315
1684717572509489629,312,311.5,311,310.5,310,313,313.5,314,314.5,315
1684717572926767012,312,311.5,311,310.5,310,313,313.5,314,314.5,315
1684717576764801894,312,311.5,311,310.5,310,313,313.5,314,314.5,315
1684717578516898355,312,311.5,311,310.5,310,313,313.5,314,314.5,315
1684717580326381786,312,311.5,311,310.5,310,313,313.5,314,314.5,315
1684717584776654493,312,311.5,311,310.5,310,313,313.5,314,314.5,315
1684717585209852887,312,311.5,311,310.5,310,313,313.5,314,314.5,315
1684717585756797288,311.5,311,310.5,310,309.5,313,313.5,314,314.5,315
1684717585789597578,311.5,311,310.5,310,309.5,313,313.5,314,314.5,315
1684717585789597578,311.5,311,310.5,310,309.5,313,313.5,314,314.5,315
1684717585799921520,311.5,311,310.5,310,309.5,313,313.5,314,314.5,315
1684717585822811815,311.5,311,310.5,310,309.5,313,313.5,314,314.5,315
1684717585988154552,311.5,311,310.5,310,309.5,313,313.5,314,314.5,315
1684717590343486717,311.5,311,310.5,310,309.5,313,313.5,314,314.5,315
1684717592374039106,311.5,311,310.5,310,309.5,312.5,313,313.5,314,314.5
1684717593091689314,311.5,311,310.5,310,309.5,312.5,313,313.5,314,314.5
1684717595294195692,311.5,311,310.5,310,309.5,312.5,313,313.5,314,314.5
1684717595302602105,311.5,311,310.5,310,309.5,312.5,313,313.5,314,314.5
1684717595595343161,311.5,311,310.5,310,309.5,312.5,313,313.5,314,314.5
1684717596968773660,311.5,311,310.5,310,309.5,312.5,313,313.5,314,314.5
1684717599764337644,311.5,311,310.5,310,309.5,312.5,313,313.5,314,314.5
1684717604171587222,311.5,311,310.5,310,309.5,312.5,313,313.5,314,314.5
1684717604540009704,311.5,311,310.5,310,309.5,312.5,313,313.5,314,314.5
1684717604666960854,312,311.5,311,310.5,310,312.5,313,313.5,314,314.5
1684717604688089942,312,311.5,311,310.5,310,312.5,313,313.5,314,314.5
1684717614152896467,312,311.5,311,310.5,310,312.5,313,313.5,314,314.5
1684717615078107242,312,311.5,311,310.5,310,312.5,313,313.5,314,314.5
1684717617368940438,312,311.5,311,310.5,310,312.5,313,313.5,314,314.5
1684717617962142515,312,311.5,311,310.5,310,312.5,313,313.5,314,314.5
1684717618844540633,312,311.5,311,310.5,310,312.5,313,313.5,314,314.5
1684717622133582693,312,311.5,311,310.5,310,312.5,313,313.5,314,314.5
1684717623266315483,312,311.5,311,310.5,310,312.5,313,313.5,314,314.5
1684717624995436382,312,311.5,311,310.5,310,312.5,313,313.5,314,314.5
1684717625864099915,312,311.5,311,310.5,310,312.5,313,313.5,314,314.5
1684717630931817860,312,311.5,311,310.5,310,312.5,313,313.5,314,314.5
1684717637130213148,312,311.5,311,310.5,310,312.5,313,313.5,314,314.5
1684717639303199839,312,311.5,311,310.5,310,312.5,313,313.5,314,314.5
1684717639353140829,312,311.5,311,310.5,310,312.5,313,313.5,314,314.5
1684717640001630905,312,311.5,311,310.5,310,312.5,313,313.5,314,314.5
1684717642702079862,312,311.5,311,310.5,310,312.5,313,313.5,314,314.5
1684717645186090655,312,311.5,311,310.5,310,312.5,313,313.5,314,314.5
1684717646578155640,312,311.5,311,310.5,310,313,313.5,314,314.5,315
1684717646851696140,312,311.5,311,310.5,310,313,313.5,314,314.5,315
1684717651451016270,312,311.5,311,310.5,310,313,313.5,314,314.5,315
1684717652172955080,312,311.5,311,310.5,310,313,313.5,314,314.5,315
1684717655822512751,312,311.5,311,310.5,310,313,313.5,314,314.5,315
1684717659931967481,312,311.5,311,310.5,310,313,313.5,314,314.5,315
1684717660558048175,312,311.5,311,310.5,310,313,313.5,314,314.5,315
1684717669121350335,312,311.5,311,310.5,310,312.5,313,313.5,314,314.5
1684717669466132215,312,311.5,311,310.5,310,312.5,313,313.5,314,314.5
1684717670612004545,312,311.5,311,310.5,310,312.5,313,313.5,314,314.5
1684717674295709086,312,311.5,311,310.5,310,312.5,313,313.5,314,314.5
1684717676885642622,312,311.5,311,310.5,310,312.5,313,313.5,314,314.5
1684717683962595919,312,311.5,311,310.5,310,312.5,313,313.5,314,314.5
1684717697473265261,312,311.5,311,310.5,310,312.5,313,313.5,314,314.5
1684717698745941075,312,311.5,311,310.5,310,312.5,313,313.5,314,314.5
1684717703328056953,312,311.5,311,310.5,310,312.5,313,313.5,314,314.5
1684717703396194956,311.5,311,310.5,310,309.5,312.5,313,313.5,314,314.5
1684717703427181762,311.5,311,310.5,310,309.5,312.5,313,313.5,314,314.5
1684717703436888024,311.5,311,310.5,310,309.5,312.5,313,313.5,314,314.5
1684717703457567498,311.5,311,310.5,310,309.5,312.5,313,313.5,314,314.5
1684717706659560358,311.5,311,310.5,310,309.5,312.5,313,313.5,314,314.5
1684717713180798010,311.5,311,310.5,310,309.5,312.5,313,313.5,314,314.5
1684717713231674346,311.5,311,310.5,310,309.5,312.5,313,313.5,314,314.5
1684717713356534491,311.5,311,310.5,310,309.5,312.5,313,313.5,314,314.5
1684717717240315002,311.5,311,310.5,310,309.5,312.5,313,313.5,314,314.5
1684717720253160224,312,311.5,311,310.5,310,312.5,313,313.5,314,314.5
1684717720295198568,312,311.5,311,310.5,310,312.5,313,313.5,314,314.5
1684717733874977792,312,311.5,311,310.5,310,312.5,313,313.5,314,314.5
1684717737195621061,312,311.5,311,310.5,310,312.5,313,313.5,314,314.5
1684717739812900001,311.5,311,310.5,310,309.5,312.5,313,313.5,314,314.5
1684717739902386134,311.5,311,310.5,310,309.5,312.5,313,313.5,314,314.5
1684717739946531934,311.5,311,310.5,310,309.5,312.5,313,313.5,314,314.5
1684717747668339335,311.5,311,310.5,310,309.5,312,312.5,313,313.5,314
1684717754447157642,311.5,311,310.5,310,309.5,312,312.5,313,313.5,314
1684717761663698448,311.5,311,310.5,310,309.5,312,312.5,313,313.5,314
1684717765110128164,311.5,311,310.5,310,309.5,312,312.5,313,313.5,314
1684717770327359649,311.5,311,310.5,310,309.5,312,312.5,313,313.5,314
1684717780384098625,311,310.5,310,309.5,309,312,312.5,313,313.5,314
1684717780425442064,311,310.5,310,309.5,309,312,312.5,313,313.5,314
1684717780444614949,311,310.5,310,309.5,309,312,312.5,313,313.5,314
1684717784715746790,311,310.5,310,309.5,309,312,312.5,313,313.5,314
1684717787284223000,311,310.5,310,309.5,309,312,312.5,313,313.5,314
1684717787453177989,311,310.5,310,309.5,309,312,312.5,313,313.5,314
1684717797967619099,311.5,311,310.5,310,309.5,312,312.5,313,313.5,314
1684717798001815500,311.5,311,310.5,310,309.5,312,312.5,313,313.5,314
1684717804551901960,311.5,311,310.5,310,309.5,312,312.5,313,313.5,314
1684717805392625533,311,310.5,310,309.5,309,312,312.5,313,313.5,314
1684717809925891182,311,310.5,310,309.5,309,312,312.5,313,313.5,314
1684717809946843007,311,310.5,310,309.5,309,312,312.5,313,313.5,314
1684717810979825781,311,310.5,310,309.5,309,312,312.5,313,313.5,314
1684717811268536943,311,310.5,310,309.5,309,312,312.5,313,313.5,314
1684717815425944258,311,310.5,310,309.5,309,311.5,312,312.5,313,313.5
1684717815749894760,311,310.5,310,309.5,309,311.5,312,312.5,313,313.5
1684717823341759821,311,310.5,310,309.5,309,311.5,312,312.5,313,313.5
1684717823404967969,311,310.5,310,309.5,309,311.5,312,312.5,313,313.5
1684717826467684019,311,310.5,310,309.5,309,311.5,312,312.5,313,313.5
1684717829026752449,311,310.5,310,309.5,309,311.5,312,312.5,313,313.5
1684717832608858083,311,310.5,310,309.5,309,311.5,312,312.5,313,313.5
1684717834614817154,311,310.5,310,309.5,309,311.5,312,312.5,313,313.5
1684717836718185564,311,310.5,310,309.5,309,311.5,312,312.5,313,313.5
1684717836740948320,311,310.5,310,309.5,309,311.5,312,312.5,313,313.5
1684717840206205480,311,310.5,310,309.5,309,311.5,312,312.5,313,313.5
1684717844526216705,311,310.5,310,309.5,309,311.5,312,312.5,313,313.5
1684717844536967378,311,310.5,310,309.5,309,311.5,312,312.5,313,313.5
1684717847862056204,311,310.5,310,309.5,309,312,312.5,313,313.5,314
1684717856921979427,311,310.5,310,309.5,309,312,312.5,313,313.5,314
1684717859916021229,311,310.5,310,309.5,309,312,312.5,313,313.5,314
1684717869951367897,311,310.5,310,309.5,309,311.5,312,312.5,313,313.5
1684717870359850272,311,310.5,310,309.5,309,311.5,312,312.5,313,313.5
1684717875410484178,311,310.5,310,309.5,309,312,312.5,313,313.5,314
1684717875555719987,311,310.5,310,309.5,309,312,312.5,313,313.5,314
1684717878845323264,311.5,311,310.5,310,309.5,312,312.5,313,313.5,314
1684717878867075753,311.5,311,310.5,310,309.5,312,312.5,313,313.5,314
1684717879560739954,311.5,311,310.5,310,309.5,312,312.5,313,313.5,314
1684717879560739954,311.5,311,310.5,310,309.5,312,312.5,313,313.5,314
1684717883910078393,311.5,311,310.5,310,309.5,312,312.5,313,313.5,314
1684717889697712823,311.5,311,310.5,310,309.5,312,312.5,313,313.5,314
1684717891843629648,311.5,311,310.5,310,309.5,312,312.5,313,313.5,314
1684717892800235432,311.5,311,310.5,310,309.5,312,312.5,313,313.5,314
1684717900038872330,311.5,311,310.5,310,309.5,312,312.5,313,313.5,314
1684717900345697171,311.5,311,310.5,310,309.5,312,312.5,313,313.5,314
1684717901886703302,311.5,311,310.5,310,309.5,312,312.5,313,313.5,314
1684717912653758730,311.5,311,310.5,310,309.5,312,312.5,313,313.5,314
1684717913743280454,311,310.5,310,309.5,309,311.5,312,312.5,313,313.5
1684717915371473633,311,310.5,310,309.5,309,311.5,312,312.5,313,313.5
1684717916663741919,311,310.5,310,309.5,309,311.5,312,312.5,313,313.5
1684717916663741919,311,310.5,310,309.5,309,311.5,312,312.5,313,313.5
1684717916673980782,311,310.5,310,309.5,309,311.5,312,312.5,313,313.5
1684717927966180262,311,310.5,310,309.5,309,311.5,312,312.5,313,313.5
1684717935552893725,311,310.5,310,309.5,309,312,312.5,313,313.5,314
1684717936397522862,311,310.5,310,309.5,309,312,312.5,313,313.5,314
1684717941554456718,311,310.5,310,309.5,309,311.5,312,312.5,313,313.5
1684717944651158483,311,310.5,310,309.5,309,311.5,312,312.5,313,313.5
1684717946105088107,311,310.5,310,309.5,309,311.5,312,312.5,313,313.5
1684717949340007836,311,310.5,310,309.5,309,311.5,312,312.5,313,313.5
1684717961045439729,311,310.5,310,309.5,309,311.5,312,312.5,313,313.5
1684717962309971273,311.5,311,310.5,310,309.5,312,312.5,313,313.5,314
1684717962340764385,311.5,311,310.5,310,309.5,312,312.5,313,313.5,314
1684717963596299038,311.5,311,310.5,310,309.5,312,312.5,313,313.5,314
1684717965061633153,311.5,311,310.5,310,309.5,312,312.5,313,313.5,314
1684717966366170525,311.5,311,310.5,310,309.5,312,312.5,313,313.5,314
1684717968894334926,311.5,311,310.5,310,309.5,312,312.5,313,313.5,314
1684717976948203045,311.5,311,310.5,310,309.5,312,312.5,313,313.5,314
1684717981262725150,311.5,311,310.5,310,309.5,312,312.5,313,313.5,314
1684717981814629720,311.5,311,310.5,310,309.5,312,312.5,313,313.5,314
1684718008251292637,311,310.5,310,309.5,309,312,312.5,313,313.5,314
1684718008292195349,311,310.5,310,309.5,309,312,312.5,313,313.5,314
1684718008324932080,311,310.5,310,309.5,309,312,312.5,313,313.5,314
1684718009949124843,311,310.5,310,309.5,309,312,312.5,313,313.5,314
1684718015485691211,311,310.5,310,309.5,309,312,312.5,313,313.5,314
1684718028811727121,311,310.5,310,309.5,309,312,312.5,313,313.5,314
1684718029779373597,311,310.5,310,309.5,309,312,312.5,313,313.5,314
1684718029801459652,311,310.5,310,309.5,309,312,312.5,313,313.5,314
1684718035878837246,311.5,311,310.5,310,309.5,312,312.5,313,313.5,314
1684718035912445293,311.5,311,310.5,310,309.5,312,312.5,313,313.5,314
1684718040711480133,311.5,311,310.5,310,309.5,312,312.5,313,313.5,314
1684718042410173517,311,310.5,310,309.5,309,312,312.5,313,313.5,314
1684718044526192820,311,310.5,310,309.5,309,312,312.5,313,313.5,314
1684718044559665643,311,310.5,310,309.5,309,312,312.5,313,313.5,314
1684718051047768387,311.5,311,310.5,310,309.5,312,312.5,313,313.5,314
1684718051080477726,311.5,311,310.5,310,309.5,312,312.5,313,313.5,314
1684718054573502067,311.5,311,310.5,310,309.5,312,312.5,313,313.5,314
1684718054604480557,311.5,311,310.5,310,309.5,312.5,313,313.5,314,314.5
1684718054635267998,311.5,311,310.5,310,309.5,313,313.5,314,314.5,315
1684718054635267998,311.5,311,310.5,310,309.5,313,313.5,314,314.5,315
1684718054677217516,311.5,311,310.5,310,309.5,313,313.5,314,314.5,315
1684718054708541885,312,311.5,311,310.5,310,313,313.5,314,314.5,315
1684718054739334896,312,311.5,311,310.5,310,313,313.5,314,314.5,315
1684718054739334896,312,311.5,311,310.5,310,313,313.5,314,314.5,315
1684718054762162353,312,311.5,311,310.5,310,313,313.5,314,314.5,315
1684718054762162353,312,311.5,311,310.5,310,313.5,314,314.5,315,315.5
1684718054762162353,313,312,311.5,311,310.5,313.5,314,314.5,315,315.5
1684718054774212126,313,312,311.5,311,310.5,313.5,314,314.5,315,315.5
1684718054774248244,313,312,311.5,311,310.5,313.5,314,314.5,315,315.5
1684718055078171327,313,312,311.5,311,310.5,313.5,314,314.5,315,315.5
1684718056271108651,312,311.5,311,310.5,310,313.5,314,314.5,315,315.5
1684718056292811056,312.5,312,311.5,311,310.5,313.5,314,314.5,315,315.5
1684718056313449443,312.5,312,311.5,311,310.5,313.5,314,314.5,315,315.5
1684718062085481718,312.5,312,311.5,311,310.5,313.5,314,314.5,315,315.5
1684718064333223301,312.5,312,311.5,311,310.5,313.5,314,314.5,315,315.5
1684718064363976408,312.5,312,311.5,311,310.5,313.5,314,314.5,315,315.5
1684718069155381036,312.5,312,311.5,311,310.5,313.5,314,314.5,315,315.5
1684718071427528260,312.5,312,311.5,311,310.5,313.5,314,314.5,315,315.5
1684718072539601508,312.5,312,311.5,311,310.5,313.5,314,314.5,315,315.5
1684718080150002001,313,312.5,312,311.5,311,313.5,314,314.5,315,315.5
1684718080182845241,313,312.5,312,311.5,311,313.5,314,314.5,315,315.5
1684718087128662007,313,312.5,312,311.5,311,313.5,314,314.5,315,315.5
1684718087503646564,313,312.5,312,311.5,311,313.5,314,314.5,315,315.5
1684718096083260188,313,312.5,312,311.5,311,313.5,314,314.5,315,315.5
1684718102638393596,313,312.5,312,311.5,311,313.5,314,314.5,315,315.5
1684718102783778216,313,312.5,312,311.5,311,313.5,314,314.5,315,315.5
1684718103162749287,313,312.5,312,311.5,311,313.5,314,314.5,315,315.5
1684718104020307422,313,312.5,312,311.5,311,313.5,314,314.5,315,315.5
1684718110694280795,313,312.5,312,311.5,311,313.5,314,314.5,315,315.5
1684718110727085082,313,312.5,312,311.5,311,314,314.5,315,315.5,316
1684718110761880158,313,312.5,312,311.5,311,314,314.5,315,315.5,316
1684718110761880158,313,312.5,312,311.5,311,314,314.5,315,315.5,316
1684718110794592934,313,312.5,312,311.5,311,314,314.5,315,315.5,316
1684718111670964089,313,312.5,312,311.5,311,314,314.5,315,315.5,316
1684718117298204476,313,312.5,312,311.5,311,314,314.5,315,315.5,316
1684718122691753635,313,312.5,312,311.5,311,314,314.5,315,315.5,316
1684718126697575423,313,312.5,312,311.5,311,314,314.5,315,315.5,316
1684718126749856808,313,312.5,312,311.5,311,314,314.5,315,315.5,316
1684718128236828373,313,312.5,312,311.5,311,314.5,315,315.5,316,316.5
1684718128270771328,313,312.5,312,311.5,311,314.5,315,315.5,316,316.5
1684718128270771328,313,312.5,312,311.5,311,314.5,315,315.5,316,316.5
1684718128303521965,313,312.5,312,311.5,311,314.5,315,315.5,316,316.5
1684718128337993593,313,312.5,312,311.5,311,315,315.5,316,316.5,317
1684718128369803544,313,312.5,312,311.5,311,315,315.5,316,316.5,317
1684718128369803544,313.5,313,312.5,312,311.5,315,315.5,316,316.5,317
1684718128370457031,313.5,313,312.5,312,311.5,315,315.5,316,316.5,317
1684718128382309614,313.5,313,312.5,312,311.5,315.5,316,316.5,317,317.5
1684718128405048444,313.5,313,312.5,312,311.5,315.5,316,316.5,317,317.5
1684718128405082749,313.5,313,312.5,312,311.5,315.5,316,316.5,317,317.5
1684718128405082749,313.5,313,312.5,312,311.5,315.5,316,316.5,317,317.5
1684718128405082749,315,313.5,313,312.5,312,315.5,316,316.5,317,317.5
1684718128415088363,315,313.5,313,312.5,312,315.5,316,316.5,317,317.5
1684718128415088363,315,313.5,313,312.5,312,315.5,316,316.5,317,317.5
1684718128415122648,315,313.5,313,312.5,312,315.5,316,316.5,317,317.5
1684718128415122648,315,313.5,313,312.5,312,315.5,316,316.5,317,317.5
1684718128437715554,315,313.5,313,312.5,312,315.5,316,316.5,317,317.5
1684718128437715554,315,313.5,313,312.5,312,315.5,316,316.5,317,317.5
1684718128437715554,315,313.5,313,312.5,312,315.5,316,316.5,317,317.5
1684718128449748235,315,313.5,313,312.5,312,315.5,316,316.5,317,317.5
1684718129323084753,315,313.5,313,312.5,312,315.5,316,316.5,317,317.5
1684718129346858987,315,313.5,313,312.5,312,315.5,316,316.5,317,317.5
1684718129894548476,315,313.5,313,312.5,312,315.5,316,316.5,317,317.5
1684718130271341218,315,313.5,313,312.5,312,315.5,316,316.5,317,317.5
1684718130505023650,313.5,313,312.5,312,311.5,315.5,316,316.5,317,317.5
1684718130519293311,313.5,313,312.5,312,311.5,315.5,316,316.5,317,317.5
1684718130542621908,314,313.5,313,312.5,312,315.5,316,316.5,317,317.5
1684718130542978288,314,313.5,313,312.5,312,315.5,316,316.5,317,317.5
1684718130554700916,314,313.5,313,312.5,312,315.5,316,316.5,317,317.5
1684718130573424568,314,313.5,313,312.5,312,315.5,316,316.5,317,317.5
1684718130585736393,314,313.5,313,312.5,312,315.5,316,316.5,317,317.5
1684718130760793811,314,313.5,313,312.5,312,315.5,316,316.5,317,317.5
1684718131630857344,314,313.5,313,312.5,312,315.5,316,316.5,317,317.5
1684718131640568727,314,313.5,313,312.5,312,315.5,316,316.5,317,317.5
1684718138721431401,314,313.5,313,312.5,312,315.5,316,316.5,317,317.5
1684718138744138943,314,313.5,313,312.5,312,315.5,316,316.5,317,317.5
1684718140440847394,315,314,313.5,313,312.5,315.5,316,316.5,317,317.5
1684718140473735730,315,314,313.5,313,312.5,315.5,316,316.5,317,317.5
1684718140698763243,315,314,313.5,313,312.5,315.5,316,316.5,317,317.5
1684718140709043554,315,314,313.5,313,312.5,315.5,316,316.5,317,317.5
1684718140827857118,315,314,313.5,313,312.5,315.5,316,316.5,317,317.5
1684718141711579114,315,314,313.5,313,312.5,315.5,316,316.5,317,317.5
1684718143464890564,315,314,313.5,313,312.5,315.5,316,316.5,317,317.5
1684718143825442505,315,314,313.5,313,312.5,315.5,316,316.5,317,317.5
1684718144238844148,314,313.5,313,312.5,312,315.5,316,316.5,317,317.5
1684718144261261786,314,313.5,313,312.5,312,315.5,316,316.5,317,317.5
1684718144294383910,314,313.5,313,312.5,312,315.5,316,316.5,317,317.5
1684718144764195098,314,313.5,313,312.5,312,315.5,316,316.5,317,317.5
1684718144797052094,314,313.5,313,312.5,312,315.5,316,316.5,317,317.5
1684718145440042234,314,313.5,313,312.5,312,315.5,316,316.5,317,317.5
1684718145576394536,314,313.5,313,312.5,312,315.5,316,316.5,317,317.5
1684718149383433416,314,313.5,313,312.5,312,315.5,316,316.5,317,317.5
1684718149403897436,314,313.5,313,312.5,312,315.5,316,316.5,317,317.5
1684718149414173168,314,313.5,313,312.5,312,315.5,316,316.5,317,317.5
1684718149414173168,314,313.5,313,312.5,312,315.5,316,316.5,317,317.5
1684718149424451955,314,313.5,313,312.5,312,315.5,316,316.5,317,317.5
1684718149455068806,314,313.5,313,312.5,312,315.5,316,316.5,317,317.5
1684718149485866407,314,313.5,313,312.5,312,315,315.5,316,316.5,317
1684718149516512372,314,313.5,313,312.5,312,315,315.5,316,316.5,317
1684718149516512372,314,313.5,313,312.5,312,315,315.5,316,316.5,317
1684718149537297325,314,313.5,313,312.5,312,315,315.5,316,316.5,317
1684718154437108960,314,313.5,313,312.5,312,315,315.5,316,316.5,317
1684718154624342799,314,313.5,313,312.5,312,315,315.5,316,316.5,317
1684718155578807340,314,313.5,313,312.5,312,315,315.5,316,316.5,317
1684718156435928565,314,313.5,313,312.5,312,315.5,316,316.5,317,317.5
1684718156448176029,314,313.5,313,312.5,312,315.5,316,316.5,317,317.5
1684718156458407067,314,313.5,313,312.5,312,315.5,316,316.5,317,317.5
1684718156468651290,314,313.5,313,312.5,312,315.5,316,316.5,317,317.5
1684718158350125347,314,313.5,313,312.5,312,315.5,316,316.5,317,317.5
1684718159086966475,314,313.5,313,312.5,312,315.5,316,316.5,317,317.5
1684718159542466875,314,313.5,313,312.5,312,315,315.5,316,316.5,317
1684718159570360754,314,313.5,313,312.5,312,315,315.5,316,316.5,317
1684718159602821016,314,313.5,313,312.5,312,315,315.5,316,316.5,317
1684718160742906167,314,313.5,313,312.5,312,315,315.5,316,316.5,317
1684718160765472974,314,313.5,313,312.5,312,315,315.5,316,316.5,317
1684718162715240708,314,313.5,313,312.5,312,315,315.5,316,316.5,317
1684718163419298618,314,313.5,313,312.5,312,315,315.5,316,316.5,317
1684718163441423606,314,313.5,313,312.5,312,315,315.5,316,316.5,317
1684718163463648562,313.5,313,312.5,312,311.5,315,315.5,316,316.5,317
1684718163486272417,313.5,313,312.5,312,311.5,315,315.5,316,316.5,317
1684718163486272417,313.5,313,312.5,312,311.5,314.5,315,315.5,316,316.5
1684718163486286563,313,312.5,312,311.5,311,314.5,315,315.5,316,316.5
1684718163496693652,313,312.5,312,311.5,311,314.5,315,315.5,316,316.5
1684718163508749175,313,312.5,312,311.5,311,314.5,315,315.5,316,316.5
1684718163508749175,313,312.5,312,311.5,311,314.5,315,315.5,316,316.5
1684718163518907146,313,312.5,312,311.5,311,314.5,315,315.5,316,316.5
1684718163518907146,313,312.5,312,311.5,311,314.5,315,315.5,316,316.5
1684718163749318578,313,312.5,312,311.5,311,314.5,315,315.5,316,316.5
1684718163771828799,313,312.5,312,311.5,311,314.5,315,315.5,316,316.5
1684718164218767856,313,312.5,312,311.5,311,314.5,315,315.5,316,316.5
1684718164754828934,313,312.5,312,311.5,311,315,315.5,316,316.5,317
1684718164775296340,313,312.5,312,311.5,311,315,315.5,316,316.5,317
1684718164786090315,313,312.5,312,311.5,311,315,315.5,316,316.5,317
1684718164786090315,313,312.5,312,311.5,311,315,315.5,316,316.5,317
1684718164786090315,313,312.5,312,311.5,311,315,315.5,316,316.5,317
1684718164795842033,313,312.5,312,311.5,311,315,315.5,316,316.5,317
1684718164808590598,313,312.5,312,311.5,311,315,315.5,316,316.5,317
1684718164849412508,313,312.5,312,311.5,311,315,315.5,316,316.5,317
1684718165751269211,313,312.5,312,311.5,311,315.5,316,316.5,317,317.5
1684718165773884270,313,312.5,312,311.5,311,315.5,316,316.5,317,317.5
1684718165786180996,313,312.5,312,311.5,311,315.5,316,316.5,317,317.5
1684718165786180996,313.5,313,312.5,312,311.5,315.5,316,316.5,317,317.5
1684718165808686108,313.5,313,312.5,312,311.5,315.5,316,316.5,317,317.5
1684718165808686108,313.5,313,312.5,312,311.5,315.5,316,316.5,317,317.5
1684718165818951901,313.5,313,312.5,312,311.5,315.5,316,316.5,317,317.5
1684718165819099167,313.5,313,312.5,312,311.5,315.5,316,316.5,317,317.5
1684718165829481139,313.5,313,312.5,312,311.5,315.5,316,316.5,317,317.5
1684718165894832672,313.5,313,312.5,312,311.5,315.5,316,316.5,317,317.5
1684718168251970946,313.5,313,312.5,312,311.5,315.5,316,316.5,317,317.5
1684718170374731913,313.5,313,312.5,312,311.5,315,315.5,316,316.5,317
1684718170395229756,313.5,313,312.5,312,311.5,315,315.5,316,316.5,317
1684718170395229756,313.5,313,312.5,312,311.5,315,315.5,316,316.5,317
1684718170417715452,313.5,313,312.5,312,311.5,315,315.5,316,316.5,317
1684718171245148570,313.5,313,312.5,312,311.5,315,315.5,316,316.5,317
1684718171286107878,313.5,313,312.5,312,311.5,315,315.5,316,316.5,317
1684718171949613735,313.5,313,312.5,312,311.5,315,315.5,316,316.5,317
1684718173710098043,313.5,313,312.5,312,311.5,315,315.5,316,316.5,317
1684718175616798702,313.5,313,312.5,312,311.5,315,315.5,316,316.5,317
1684718180408001896,313.5,313,312.5,312,311.5,315,315.5,316,316.5,317
1684718182701139804,313.5,313,312.5,312,311.5,315.5,316,316.5,317,317.5
1684718182733450075,313.5,313,312.5,312,311.5,315.5,316,316.5,317,317.5
1684718182733450075,314,313.5,313,312.5,312,315.5,316,316.5,317,317.5
1684718182766190863,314,313.5,313,312.5,312,315.5,316,316.5,317,317.5
1684718182766190863,314,313.5,313,312.5,312,315.5,316,316.5,317,317.5
1684718182766190863,314,313.5,313,312.5,312,315.5,316,316.5,317,317.5
1684718182766190863,314,313.5,313,312.5,312,315.5,316,316.5,317,317.5
1684718182798929908,314,313.5,313,312.5,312,315.5,316,316.5,317,317.5
1684718184193662743,314,313.5,313,312.5,312,315.5,316,316.5,317,317.5
1684718185276287387,314,313.5,313,312.5,312,315.5,316,316.5,317,317.5
1684718185610848663,314,313.5,313,312.5,312,315,315.5,316,316.5,317
1684718185642539901,314,313.5,313,312.5,312,315,315.5,316,316.5,317
1684718185675999349,314,313.5,313,312.5,312,315,315.5,316,316.5,317
1684718186575540385,314,313.5,313,312.5,312,315,315.5,316,316.5,317
1684718187584401442,314,313.5,313,312.5,312,314.5,315,315.5,316,316.5
1684718187615670197,314,313.5,313,312.5,312,314.5,315,315.5,316,316.5
1684718187615670197,314,313.5,313,312.5,312,314.5,315,315.5,316,316.5
1684718187615694393,314,313.5,313,312.5,312,314.5,315,315.5,316,316.5
1684718187647750235,313.5,313,312.5,312,311.5,314.5,315,315.5,316,316.5
1684718187680642418,313.5,313,312.5,312,311.5,314.5,315,315.5,316,316.5
1684718187680642418,313.5,313,312.5,312,311.5,314.5,315,315.5,316,316.5
1684718187901894855,313.5,313,312.5,312,311.5,314.5,315,315.5,316,316.5
1684718191096540923,313.5,313,312.5,312,311.5,314.5,315,315.5,316,316.5
1684718195175416994,313.5,313,312.5,312,311.5,314.5,315,315.5,316,316.5
1684718195436397066,314,313.5,313,312.5,312,314.5,315,315.5,316,316.5
1684718196867949608,314,313.5,313,312.5,312,314.5,315,315.5,316,316.5
1684718201480891742,314,313.5,313,312.5,312,314.5,315,315.5,316,316.5
1684718205394693247,314,313.5,313,312.5,312,314.5,315,315.5,316,316.5
1684718206139670691,314,313.5,313,312.5,312,314.5,315,315.5,316,316.5
1684718208586780483,314,313.5,313,312.5,312,314.5,315,315.5,316,316.5
1684718210141135349,314,313.5,313,312.5,312,314.5,315,315.5,316,316.5
1684718210141135349,314,313.5,313,312.5,312,314.5,315,315.5,316,316.5
1684718210151258043,314,313.5,313,312.5,312,314.5,315,315.5,316,316.5
1684718210171793046,314,313.5,313,312.5,312,314.5,315,315.5,316,316.5
1684718210202463959,314,313.5,313,312.5,312,314.5,315,315.5,316,316.5
1684718210243454816,314,313.5,313,312.5,312,314.5,315,315.5,316,316.5
1684718210632676514,314,313.5,313,312.5,312,314.5,315,315.5,316,316.5
1684718210665884800,313.5,313,312.5,312,311.5,314.5,315,315.5,316,316.5
1684718210698338750,313.5,313,312.5,312,311.5,314.5,315,315.5,316,316.5
1684718210756410225,313.5,313,312.5,312,311.5,314.5,315,315.5,316,316.5
1684718211074106829,313.5,313,312.5,312,311.5,314.5,315,315.5,316,316.5
1684718216486991983,313.5,313,312.5,312,311.5,314.5,315,315.5,316,316.5
1684718216517743026,314,313.5,313,312.5,312,314.5,315,315.5,316,316.5
1684718216542670455,313.5,313,312.5,312,311.5,314.5,315,315.5,316,316.5
1684718216891459403,313.5,313,312.5,312,311.5,314.5,315,315.5,316,316.5
1684718218263636472,313.5,313,312.5,312,311.5,314.5,315,315.5,316,316.5
1684718221218796184,313.5,313,312.5,312,311.5,314,314.5,315,315.5,316
1684718221251481509,313.5,313,312.5,312,311.5,314,314.5,315,315.5,316
1684718222531699772,313.5,313,312.5,312,311.5,314,314.5,315,315.5,316
1684718223215395655,313.5,313,312.5,312,311.5,314,314.5,315,315.5,316
1684718224137953154,313.5,313,312.5,312,311.5,314.5,315,315.5,316,316.5
1684718226043031860,313.5,313,312.5,312,311.5,314.5,315,315.5,316,316.5
1684718226079109924,313.5,313,312.5,312,311.5,314.5,315,315.5,316,316.5
1684718226813012266,313.5,313,312.5,312,311.5,314.5,315,315.5,316,316.5
1684718231328921400,314,313.5,313,312.5,312,314.5,315,315.5,316,316.5
1684718236190822632,314,313.5,313,312.5,312,314.5,315,315.5,316,316.5
1684718239569164782,314,313.5,313,312.5,312,314.5,315,315.5,316,316.5
1684718240225572884,314,313.5,313,312.5,312,314.5,315,315.5,316,316.5
1684718241768646881,314,313.5,313,312.5,312,314.5,315,315.5,316,316.5
1684718242660982091,314,313.5,313,312.5,312,314.5,315,315.5,316,316.5
1684718243629391484,314,313.5,313,312.5,312,314.5,315,315.5,316,316.5
1684718243662949307,313.5,313,312.5,312,311.5,314.5,315,315.5,316,316.5
1684718244964345992,313.5,313,312.5,312,311.5,314.5,315,315.5,316,316.5
1684718248000842453,313.5,313,312.5,312,311.5,314.5,315,315.5,316,316.5
1684718248318507401,313.5,313,312.5,312,311.5,314.5,315,315.5,316,316.5
1684718251644236438,314,313.5,313,312.5,312,314.5,315,315.5,316,316.5
1684718251708699891,314,313.5,313,312.5,312,314.5,315,315.5,316,316.5
1684718253198771539,314,313.5,313,312.5,312,314.5,315,315.5,316,316.5
1684718254214578105,314,313.5,313,312.5,312,314.5,315,315.5,316,316.5
1684718262861152508,314,313.5,313,312.5,312,314.5,315,315.5,316,316.5
1684718264049090117,314,313.5,313,312.5,312,314.5,315,315.5,316,316.5
1684718272172211456,314,313.5,313,312.5,312,314.5,315,315.5,316,316.5
1684718273560110320,314,313.5,313,312.5,312,314.5,315,315.5,316,316.5
1684718278057726320,314,313.5,313,312.5,312,314.5,315,315.5,316,316.5
1684718285740007444,314,313.5,313,312.5,312,314.5,315,315.5,316,316.5
1684718287060692853,314,313.5,313,312.5,312,314.5,315,315.5,316,316.5
1684718289415917840,314,313.5,313,312.5,312,314.5,315,315.5,316,316.5
1684718291202790383,314,313.5,313,312.5,312,314.5,315,315.5,316,316.5
1684718294722343322,314,313.5,313,312.5,312,314.5,315,315.5,316,316.5
1684718294811550943,314,313.5,313,312.5,312,314.5,315,315.5,316,316.5
1684718296967929658,314,313.5,313,312.5,312,314.5,315,315.5,316,316.5
1684718300178320963,314,313.5,313,312.5,312,314.5,315,315.5,316,316.5
1684718307532811107,314,313.5,313,312.5,312,314.5,315,315.5,316,316.5
1684718308752417215,314,313.5,313,312.5,312,314.5,315,315.5,316,316.5
1684718309389292373,314,313.5,313,312.5,312,314.5,315,315.5,316,316.5
1684718310992842692,314,313.5,313,312.5,312,314.5,315,315.5,316,316.5
1684718311683565771,0,0,0,0,0,0,0,0,0,0
1684718311683565771,314,313.5,313,312.5,312,315.5,316,316.5,317,317.5
1684718311715906823,314,313.5,313,312.5,312,315.5,316,316.5,317,317.5
1684718311746762235,314,313.5,313,312.5,312,315.5,316,316.5,317,317.5
1684718313534495194,314.5,314,313.5,313,312.5,315.5,316,316.5,317,317.5
1684718313568341522,314.5,314,313.5,313,312.5,315.5,316,316.5,317,317.5
1684718314422194875,314.5,314,313.5,313,312.5,315.5,316,316.5,317,317.5
1684718324103970207,315,314.5,314,313.5,313,315.5,316,316.5,317,317.5
1684718324134092363,314.5,314,313.5,313,312.5,315.5,316,316.5,317,317.5
1684718324154631055,314.5,314,313.5,313,312.5,315.5,316,316.5,317,317.5
1684718327437499559,315,314.5,314,313.5,313,315.5,316,316.5,317,317.5
1684718327459918311,314.5,314,313.5,313,312.5,315.5,316,316.5,317,317.5
1684718327877782568,314.5,314,313.5,313,312.5,315.5,316,316.5,317,317.5
1684718354115965543,314.5,314,313.5,313,312.5,315.5,316,316.5,317,317.5
1684718354961018493,314.5,314,313.5,313,312.5,315.5,316,316.5,317,317.5
1684718358293034895,314.5,314,313.5,313,312.5,315.5,316,316.5,317,317.5
1684718360746519218,315,314.5,314,313.5,313,315.5,316,316.5,317,317.5
1684718360769063555,314.5,314,313.5,313,312.5,315.5,316,316.5,317,317.5
1684718364431903891,314.5,314,313.5,313,312.5,315,315.5,316,316.5,317
1684718364465424017,314.5,314,313.5,313,312.5,315,315.5,316,316.5,317
1684718364465535055,314.5,314,313.5,313,312.5,315,315.5,316,316.5,317
1684718364830132902,314.5,314,313.5,313,312.5,315,315.5,316,316.5,317
1684718374340318428,314.5,314,313.5,313,312.5,315,315.5,316,316.5,317
1684718376036941845,314.5,314,313.5,313,312.5,315.5,316,316.5,317,317.5
1684718378675864916,315,314.5,314,313.5,313,315.5,316,316.5,317,317.5
1684718379738849661,314.5,314,313.5,313,312.5,315.5,316,316.5,317,317.5
1684718380008215646,314.5,314,313.5,313,312.5,315.5,316,316.5,317,317.5
1684718380823295000,314.5,314,313.5,313,312.5,315.5,316,316.5,317,317.5
1684718381453031054,314.5,314,313.5,313,312.5,315.5,316,316.5,317,317.5
1684718387745586182,314.5,314,313.5,313,312.5,315.5,316,316.5,317,317.5
1684718387893001631,314.5,314,313.5,313,312.5,315.5,316,316.5,317,317.5
1684718390585230636,315,314.5,314,313.5,313,315.5,316,316.5,317,317.5
1684718393731013787,315,314.5,314,313.5,313,315.5,316,316.5,317,317.5
1684718393764047870,314.5,314,313.5,313,312.5,315.5,316,316.5,317,317.5
1684718396111730786,314.5,314,313.5,313,312.5,315,315.5,316,316.5,317
1684718396132201511,314.5,314,313.5,313,312.5,315,315.5,316,316.5,317
1684718396445678616,314.5,314,313.5,313,312.5,315,315.5,316,316.5,317
1684718402873081497,314.5,314,313.5,313,312.5,315.5,316,316.5,317,317.5
1684718412570724230,314.5,314,313.5,313,312.5,315.5,316,316.5,317,317.5
1684718412602133182,314.5,314,313.5,313,312.5,315.5,316,316.5,317,317.5
1684718412602133182,314.5,314,313.5,313,312.5,315.5,316,316.5,317,317.5
1684718412602133182,314,313.5,313,312.5,312,315.5,316,316.5,317,317.5
1684718412634202433,314,313.5,313,312.5,312,315.5,316,316.5,317,317.5
1684718412634202433,314,313.5,313,312.5,312,315.5,316,316.5,317,317.5
1684718412634202433,314,313.5,313,312.5,312,314.5,315.5,316,316.5,317
1684718412646457923,314,313.5,313,312.5,312,314.5,315.5,316,316.5,317
1684718412656669596,314,313.5,313,312.5,312,314.5,315.5,316,316.5,317
1684718412656669596,314,313.5,313,312.5,312,314.5,315.5,316,316.5,317
1684718412656691698,314,313.5,313,312.5,312,314.5,315.5,316,316.5,317
1684718412682366984,313.5,313,312.5,312,311.5,314.5,315.5,316,316.5,317
1684718412710913561,313.5,313,312.5,312,311.5,314,314.5,315.5,316,316.5
1684718412731367234,313.5,313,312.5,312,311.5,314,314.5,315.5,316,316.5
1684718412731367234,313.5,313,312.5,312,311.5,314,314.5,315.5,316,316.5
1684718412752152459,313.5,313,312.5,312,311.5,314.5,315.5,316,316.5,317
1684718415622779153,313.5,313,312.5,312,311.5,314.5,315,315.5,316,316.5
1684718415658278975,313.5,313,312.5,312,311.5,314.5,315,315.5,316,316.5
1684718428140727481,313.5,313,312.5,312,311.5,314.5,315,315.5,316,316.5
1684718433020175976,313.5,313,312.5,312,311.5,314.5,315,315.5,316,316.5
1684718439578924693,313.5,313,312.5,312,311.5,314.5,315,315.5,316,316.5
1684718444693788099,313.5,313,312.5,312,311.5,314.5,315,315.5,316,316.5
1684718448221592189,313.5,313,312.5,312,311.5,314.5,315,315.5,316,316.5
1684718449747370909,313.5,313,312.5,312,311.5,314,314.5,315,315.5,316
1684718449780239511,313.5,313,312.5,312,311.5,314,314.5,315,315.5,316
1684718449780239511,313.5,313,312.5,312,311.5,314,314.5,315,315.5,316
1684718449780239511,313.5,313,312.5,312,311.5,314,314.5,315,315.5,316
1684718454423241138,313,312.5,312,311.5,311,313.5,314,314.5,315,315.5
1684718454455764341,313,312.5,312,311.5,311,313.5,314,314.5,315,315.5
1684718454455764341,313,312.5,312,311.5,311,313.5,314,314.5,315,315.5
1684718454455764341,313,312.5,312,311.5,311,313.5,314,314.5,315,315.5
1684718454455764341,313,312.5,312,311.5,311,313.5,314,314.5,315,315.5
1684718454455764341,313,312.5,312,311.5,311,313.5,314,314.5,315,315.5
1684718454455895237,313,312.5,312,311.5,311,313.5,314,314.5,315,315.5
1684718454455965028,313,312.5,312,311.5,311,313.5,314,314.5,315,315.5
1684718454478198663,313,312.5,312,311.5,311,313.5,314,314.5,315,315.5
1684718456570397688,313,312.5,312,311.5,311,313.5,314,314.5,315,315.5
1684718457681444542,313,312.5,312,311.5,311,313.5,314,314.5,315,315.5
1684718458042842491,313,312.5,312,311.5,311,313.5,314,314.5,315,315.5
1684718467819192650,313,312.5,312,311.5,311,313.5,314,314.5,315,315.5
1684718472765027128,313,312.5,312,311.5,311,313.5,314,314.5,315,315.5
1684718482046761818,313,312.5,312,311.5,311,313.5,314,314.5,315,315.5
1684718483577569860,313,312.5,312,311.5,311,313.5,314,314.5,315,315.5
1684718484157429158,313,312.5,312,311.5,311,313.5,314,314.5,315,315.5
1684718499685295794,313,312.5,312,311.5,311,313.5,314,314.5,315,315.5
1684718505403387044,313,312.5,312,311.5,311,313.5,314,314.5,315,315.5
1684718505436222664,313,312.5,312,311.5,311,314,314.5,315,315.5,316
1684718505471195417,313,312.5,312,311.5,311,314,314.5,315,315.5,316
1684718505471195417,313,312.5,312,311.5,311,314,314.5,315,315.5,316
1684718505492313567,313,312.5,312,311.5,311,314,314.5,315,315.5,316
1684718505503845960,313,312.5,312,311.5,311,314,314.5,315,315.5,316
1684718505503845960,313,312.5,312,311.5,311,314,314.5,315,315.5,316
1684718505503845960,313,312.5,312,311.5,311,314,314.5,315,315.5,316
1684718518461489422,313,312.5,312,311.5,311,314,314.5,315,315.5,316
1684718520760833400,313,312.5,312,311.5,311,314.5,315,315.5,316,316.5
1684718520793824131,313,312.5,312,311.5,311,314.5,315,315.5,316,316.5
1684718520826612963,313,312.5,312,311.5,311,314.5,315,315.5,316,316.5
1684718522904809098,313,312.5,312,311.5,311,314.5,315,315.5,316,316.5
1684718535069930318,313,312.5,312,311.5,311,315,315.5,316,316.5,317
1684718535099764563,313,312.5,312,311.5,311,315,315.5,316,316.5,317
1684718535099764563,313.5,313,312.5,312,311.5,315,315.5,316,316.5,317
1684718535130432453,313.5,313,312.5,312,311.5,315,315.5,316,316.5,317
1684718535130432453,313.5,313,312.5,312,311.5,315,315.5,316,316.5,317
1684718535130432453,313.5,313,312.5,312,311.5,315,315.5,316,316.5,317
1684718535161256146,313.5,313,312.5,312,311.5,315,315.5,316,316.5,317
1684718537837945655,313.5,313,312.5,312,311.5,315,315.5,316,316.5,317
1684718544850271521,313.5,313,312.5,312,311.5,315,315.5,316,316.5,317
1684718548343324504,313.5,313,312.5,312,311.5,315,315.5,316,316.5,317
1684718554330663748,313.5,313,312.5,312,311.5,315,315.5,316,316.5,317
1684718555520609146,313.5,313,312.5,312,311.5,315,315.5,316,316.5,317
1684718559912500404,314,313.5,313,312.5,312,315,315.5,316,316.5,317
1684718559945285068,314,313.5,313,312.5,312,315,315.5,316,316.5,317
1684718564554357963,314,313.5,313,312.5,312,315,315.5,316,316.5,317
1684718566349352355,314,313.5,313,312.5,312,315,315.5,316,316.5,317
1684718567007558182,314,313.5,313,312.5,312,315,315.5,316,316.5,317
1684718567674558301,314,313.5,313,312.5,312,315,315.5,316,316.5,317
1684718571546473853,314,313.5,313,312.5,312,315,315.5,316,316.5,317
1684718572509956880,314,313.5,313,312.5,312,315,315.5,316,316.5,317
1684718575824698757,314,313.5,313,312.5,312,315,315.5,316,316.5,317
1684718577853387229,313.5,313,312.5,312,311.5,315,315.5,316,316.5,317
1684718580061332683,314.5,313.5,313,312.5,312,315,315.5,316,316.5,317
1684718582041380951,314.5,313.5,313,312.5,312,315,315.5,316,316.5,317
1684718586168337212,314.5,313.5,313,312.5,312,315,315.5,316,316.5,317
1684718586868576689,314.5,313.5,313,312.5,312,315,315.5,316,316.5,317
1684718587830292689,314.5,313.5,313,312.5,312,315,315.5,316,316.5,317
1684718587830292689,314.5,313.5,313,312.5,312,315,315.5,316,316.5,317
1684718588051283518,314.5,313.5,313,312.5,312,315,315.5,316,316.5,317
1684718592154546915,314.5,313.5,313,312.5,312,315,315.5,316,316.5,317
1684718598678810264,314.5,313.5,313,312.5,312,315,315.5,316,316.5,317
1684718598802584114,314.5,313.5,313,312.5,312,315,315.5,316,316.5,317
1684718599859217284,314.5,313.5,313,312.5,312,315,315.5,316,316.5,317
1684718600275889903,314.5,313.5,313,312.5,312,315,315.5,316,316.5,317
1684718600542259613,314.5,313.5,313,312.5,312,315,315.5,316,316.5,317
1684718604786714092,314.5,313.5,313,312.5,312,315,315.5,316,316.5,317
1684718609636509933,314.5,313.5,313,312.5,312,315,315.5,316,316.5,317
1684718611833134581,314.5,313.5,313,312.5,312,315,315.5,316,316.5,317
1684718613556555772,313.5,313,312.5,312,311.5,315,315.5,316,316.5,317
1684718616024175574,313.5,313,312.5,312,311.5,314.5,315,315.5,316,316.5
1684718616057270782,313.5,313,312.5,312,311.5,314.5,315,315.5,316,316.5
1684718616087804811,313.5,313,312.5,312,311.5,314.5,315,315.5,316,316.5
1684718619360383976,313.5,313,312.5,312,311.5,314.5,315,315.5,316,316.5
1684718621778140428,313.5,313,312.5,312,311.5,315,315.5,316,316.5,317
1684718621810713565,313.5,313,312.5,312,311.5,315,315.5,316,316.5,317
1684718621845715423,313.5,313,312.5,312,311.5,315,315.5,316,316.5,317
1684718624025979754,313.5,313,312.5,312,311.5,314,315,315.5,316,316.5
1684718624065434351,313.5,313,312.5,312,311.5,314,315,315.5,316,316.5
1684718624065434351,313.5,313,312.5,312,311.5,315,315.5,316,316.5,317
1684718624962833834,313.5,313,312.5,312,311.5,315,315.5,316,316.5,317
1684718624995603731,313.5,313,312.5,312,311.5,315,315.5,316,316.5,317
1684718626810114465,313.5,313,312.5,312,311.5,315,315.5,316,316.5,317
1684718630121707410,314,313.5,313,312.5,312,315,315.5,316,316.5,317
1684718630152461552,314,313.5,313,312.5,312,315,315.5,316,316.5,317
1684718630152461552,314,313.5,313,312.5,312,315,315.5,316,316.5,317
1684718634216962431,314,313.5,313,312.5,312,315,315.5,316,316.5,317
1684718636192174108,314,313.5,313,312.5,312,315,315.5,316,316.5,317
1684718636222809367,313.5,313,312.5,312,311.5,315,315.5,316,316.5,317
1684718642632222200,313.5,313,312.5,312,311.5,315,315.5,316,316.5,317
1684718642665011333,313.5,313,312.5,312,311.5,315,315.5,316,316.5,317
1684718643534570344,313.5,313,312.5,312,311.5,315,315.5,316,316.5,317
1684718644617789520,313.5,313,312.5,312,311.5,315,315.5,316,316.5,317
1684718648627624702,313.5,313,312.5,312,311.5,315,315.5,316,316.5,317
1684718649108116825,313.5,313,312.5,312,311.5,314.5,315,315.5,316,316.5
1684718649140702976,313.5,313,312.5,312,311.5,314.5,315,315.5,316,316.5
1684718649175564200,313.5,313,312.5,312,311.5,314.5,315,315.5,316,316.5
1684718651970022464,313.5,313,312.5,312,311.5,314.5,315,315.5,316,316.5
1684718655418969106,313.5,313,312.5,312,311.5,314.5,315,315.5,316,316.5
1684718656959083591,313.5,313,312.5,312,311.5,314.5,315,315.5,316,316.5
1684718657884761938,314,313.5,313,312.5,312,314.5,315,315.5,316,316.5
1684718657905448789,313.5,313,312.5,312,311.5,314.5,315,315.5,316,316.5
1684718657927796327,313.5,313,312.5,312,311.5,314.5,315,315.5,316,316.5
1684718657958466882,313.5,313,312.5,312,311.5,314.5,315,315.5,316,316.5
1684718659784360218,313.5,313,312.5,312,311.5,314.5,315,315.5,316,316.5
1684718660028150343,313.5,313,312.5,312,311.5,314.5,315,315.5,316,316.5
1684718674317032437,313.5,313,312.5,312,311.5,314.5,315,315.5,316,316.5
1684718676687751504,313.5,313,312.5,312,311.5,314.5,315,315.5,316,316.5
1684718681372555406,313.5,313,312.5,312,311.5,314.5,315,315.5,316,316.5
1684718682596209875,313.5,313,312.5,312,311.5,314.5,315,315.5,316,316.5
1684718683485122904,313.5,313,312.5,312,311.5,314.5,315,315.5,316,316.5
1684718697060321960,313.5,313,312.5,312,311.5,314.5,315,315.5,316,316.5
1684718700698090792,313.5,313,312.5,312,311.5,314.5,315,315.5,316,316.5
1684718703167727552,313.5,313,312.5,312,311.5,314.5,315,315.5,316,316.5
1684718706945157273,313.5,313,312.5,312,311.5,314.5,315,315.5,316,316.5
1684718721171784771,313.5,313,312.5,312,311.5,314.5,315,315.5,316,316.5
1684718726772725866,314,313.5,313,312.5,312,314.5,315,315.5,316,316.5
1684718726795775152,313.5,313,312.5,312,311.5,314.5,315,315.5,316,316.5
1684718747285560833,313.5,313,312.5,312,311.5,314.5,315,315.5,316,316.5
1684718754636300173,313.5,313,312.5,312,311.5,314.5,315,315.5,316,316.5
1684718756824815425,313.5,313,312.5,312,311.5,314.5,315,315.5,316,316.5
1684718757740238127,313.5,313,312.5,312,311.5,314.5,315,315.5,316,316.5
1684718759339755122,313.5,313,312.5,312,311.5,314.5,315,315.5,316,316.5
1684718765600522708,313.5,313,312.5,312,311.5,314.5,315,315.5,316,316.5
1684718766806796043,313.5,313,312.5,312,311.5,314.5,315,315.5,316,316.5
1684718771445079601,313.5,313,312.5,312,311.5,314.5,315,315.5,316,316.5
1684718776973087471,313.5,313,312.5,312,311.5,314.5,315,315.5,316,316.5
1684718790292463628,313.5,313,312.5,312,311.5,314.5,315,315.5,316,316.5
1684718804760809231,313.5,313,312.5,312,311.5,314.5,315,315.5,316,316.5
1684718811437928051,313.5,313,312.5,312,311.5,314.5,315,315.5,316,316.5
1684718834092521893,313.5,313,312.5,312,311.5,314.5,315,315.5,316,316.5
1684718840565297822,313.5,313,312.5,312,311.5,314.5,315,315.5,316,316.5
1684718852787798793,313.5,313,312.5,312,311.5,314.5,315,315.5,316,316.5
1684718864208861022,313.5,313,312.5,312,311.5,314.5,315,315.5,316,316.5
1684718868191063321,313.5,313,312.5,312,311.5,314.5,315,315.5,316,316.5
1684718875782184316,313.5,313,312.5,312,311.5,314.5,315,315.5,316,316.5
1684718891878601646,313.5,313,312.5,312,311.5,314.5,315,315.5,316,316.5
1684718894874671824,313.5,313,312.5,312,311.5,314.5,315,315.5,316,316.5
1684718894897299569,313,312.5,312,311.5,311,314.5,315,315.5,316,316.5
1684718894897348040,313,312.5,312,311.5,311,314.5,315,315.5,316,316.5
1684718894917791173,313,312.5,312,311.5,311,314.5,315,315.5,316,316.5
1684718894929907021,313,312.5,312,311.5,311,314.5,315,315.5,316,316.5
1684718894942450572,313,312.5,312,311.5,311,314.5,315,315.5,316,316.5
1684718894942450572,313,312.5,312,311.5,311,314.5,315,315.5,316,316.5
1684718902670524521,313,312.5,312,311.5,311,314.5,315,315.5,316,316.5
1684718903289258588,313,312.5,312,311.5,311,314.5,315,315.5,316,316.5
1684718915857859726,313,312.5,312,311.5,311,314.5,315,315.5,316,316.5
1684718942989272719,313,312.5,312,311.5,311,314.5,315,315.5,316,316.5
1684718944575152980,313,312.5,312,311.5,311,314.5,315,315.5,316,316.5
1684718969442368624,313,312.5,312,311.5,311,314.5,315,315.5,316,316.5
1684718974059513042,313,312.5,312,311.5,311,314.5,315,315.5,316,316.5
1684718986471370317,313,312.5,312,311.5,311,314.5,315,315.5,316,316.5
1684718990064659226,313,312.5,312,311.5,311,314.5,315,315.5,316,316.5
1684718996407499756,313,312.5,312,311.5,311,314.5,315,315.5,316,316.5
1684719013079947274,313,312.5,312,311.5,311,314.5,315,315.5,316,316.5
1684719023117051487,313,312.5,312,311.5,311,314.5,315,315.5,316,316.5
1684719025305537905,313,312.5,312,311.5,311,314.5,315,315.5,316,316.5
1684719025305537905,313,312.5,312,311.5,311,314.5,315,315.5,316,316.5
1684719046572758728,313.5,313,312.5,312,311.5,314.5,315,315.5,316,316.5
1684719046593314843,313.5,313,312.5,312,311.5,314.5,315,315.5,316,316.5
1684719046593314843,313,312.5,312,311.5,311,314.5,315,315.5,316,316.5
1684719054378091083,313,312.5,312,311.5,311,314.5,315,315.5,316,316.5
1684719054410516763,313,312.5,312,311.5,311,314.5,315,315.5,316,316.5
1684719069979674762,313,312.5,312,311.5,311,314,314.5,315,315.5,316
1684719070013501933,313,312.5,312,311.5,311,314,314.5,315,315.5,316
1684719070046413456,313,312.5,312,311.5,311,314,314.5,315,315.5,316
1684719072375757290,313,312.5,312,311.5,311,314,314.5,315,315.5,316
1684719074575401156,313,312.5,312,311.5,311,314,314.5,315,315.5,316
1684719074575401156,313,312.5,312,311.5,311,314,314.5,315,315.5,316
1684719076101859391,313,312.5,312,311.5,311,314,314.5,315,315.5,316
1684719082987583555,313,312.5,312,311.5,311,314,314.5,315,315.5,316
1684719083020573044,312.5,312,311.5,311,310.5,314,314.5,315,315.5,316
1684719083053202237,312.5,312,311.5,311,310.5,314,314.5,315,315.5,316
1684719083053202237,312.5,312,311.5,311,310.5,314,314.5,315,315.5,316
1684719083053202237,312.5,312,311.5,311,310.5,314,314.5,315,315.5,316
1684719083065487874,312.5,312,311.5,311,310.5,314,314.5,315,315.5,316
1684719083087255093,312.5,312,311.5,311,310.5,314,314.5,315,315.5,316
1684719083087255093,312,311.5,311,310.5,310,314,314.5,315,315.5,316
1684719083129937901,312,311.5,311,310.5,310,314,314.5,315,315.5,316
1684719083162635122,312,311.5,311,310.5,310,314,314.5,315,315.5,316
1684719086917740367,312,311.5,311,310.5,310,313,314,314.5,315,315.5
1684719086948551717,312,311.5,311,310.5,310,313,314,314.5,315,315.5
1684719086979245526,312,311.5,311,310.5,310,313,314,314.5,315,315.5
1684719087836295671,312,311.5,311,310.5,310,313,314,314.5,315,315.5
1684719088786577031,312,311.5,311,310.5,310,313,314,314.5,315,315.5
1684719095598306698,312,311.5,311,310.5,310,313,314,314.5,315,315.5
1684719095598306698,312,311.5,311,310.5,310,313,314,314.5,315,315.5
1684719097304380547,312,311.5,311,310.5,310,313,314,314.5,315,315.5
1684719097335037848,312,311.5,311,310.5,310,313,314,314.5,315,315.5
1684719098761332321,312,311.5,311,310.5,310,313,314,314.5,315,315.5
1684719100447477875,312,311.5,311,310.5,310,313,314,314.5,315,315.5
1684719100856595880,312,311.5,311,310.5,310,313,313.5,314,314.5,315
1684719106213070038,312,311.5,311,310.5,310,313,313.5,314,314.5,315
1684719106241748172,312,311.5,311,310.5,310,313,313.5,314,314.5,315
1684719112886879995,312,311.5,311,310.5,310,313,313.5,314,314.5,315
1684719112960497104,312,311.5,311,310.5,310,313,313.5,314,314.5,315
1684719114776842393,312,311.5,311,310.5,310,313,313.5,314,314.5,315
1684719116975598633,312.5,312,311.5,311,310.5,313,313.5,314,314.5,315
1684719117007339748,312.5,312,311.5,311,310.5,313,313.5,314,314.5,315
1684719119622765381,312.5,312,311.5,311,310.5,313,313.5,314,314.5,315
1684719119622765381,312.5,312,311.5,311,310.5,313,313.5,314,314.5,315
1684719123897878742,312.5,312,311.5,311,310.5,313,313.5,314,314.5,315
1684719123897878742,312.5,312,311.5,311,310.5,313,313.5,314,314.5,315
1684719130868243372,312.5,312,311.5,311,310.5,313,313.5,314,314.5,315
1684719130899087473,312.5,312,311.5,311,310.5,313,313.5,314,314.5,315
1684719131430604737,312.5,312,311.5,311,310.5,313,313.5,314,314.5,315
1684719131440732904,312.5,312,311.5,311,310.5,313,313.5,314,314.5,315
1684719138921148544,312.5,312,311.5,311,310.5,313,313.5,314,314.5,315
1684719139982994391,312.5,312,311.5,311,310.5,313,313.5,314,314.5,315
1684719156654065494,312.5,312,311.5,311,310.5,313,313.5,314,314.5,315
1684719156664231410,312.5,312,311.5,311,310.5,313,313.5,314,314.5,315
1684719171360826297,312.5,312,311.5,311,310.5,313,313.5,314,314.5,315
1684719186381030994,312.5,312,311.5,311,310.5,313,313.5,314,314.5,315
1684719194530039974,312.5,312,311.5,311,310.5,313,313.5,314,314.5,315
1684719195892321360,312.5,312,311.5,311,310.5,313,313.5,314,314.5,315
1684719196274243424,312.5,312,311.5,311,310.5,313,313.5,314,314.5,315
1684719205600894222,312,311.5,311,310.5,310,313,313.5,314,314.5,315
1684719206067544066,312,311.5,311,310.5,310,313,313.5,314,314.5,315
1684719206098381915,312,311.5,311,310.5,310,313,313.5,314,314.5,315
1684719212719594358,312.5,312,311.5,311,310.5,313,313.5,314,314.5,315
1684719212750294068,312.5,312,311.5,311,310.5,313,313.5,314,314.5,315
1684719226899121229,312.5,312,311.5,311,310.5,313,313.5,314,314.5,315
1684719227134839720,312.5,312,311.5,311,310.5,313,313.5,314,314.5,315
1684719238796122430,312.5,312,311.5,311,310.5,313,313.5,314,314.5,315
1684719247656826565,312.5,312,311.5,311,310.5,313,313.5,314,314.5,315
1684719248652131178,312.5,312,311.5,311,310.5,313,313.5,314,314.5,315
1684719254466460667,312.5,312,311.5,311,310.5,313,313.5,314,314.5,315
1684719258754050283,312,311.5,311,310.5,310,313,313.5,314,314.5,315
1684719259566303119,312,311.5,311,310.5,310,313,313.5,314,314.5,315
1684719259578580190,312,311.5,311,310.5,310,313,313.5,314,314.5,315
1684719259578580190,312,311.5,311,310.5,310,313,313.5,314,314.5,315
1684719259586717468,312,311.5,311,310.5,310,313,313.5,314,314.5,315
1684719259772010422,312,311.5,311,310.5,310,313,313.5,314,314.5,315
1684719262428064958,312,311.5,311,310.5,310,313,313.5,314,314.5,315
1684719263048804300,312,311.5,311,310.5,310,313,314,314.5,315,315.5
1684719272921194956,312.5,312,311.5,311,310.5,313,314,314.5,315,315.5
1684719272941987615,312.5,312,311.5,311,310.5,313,314,314.5,315,315.5
1684719275073724644,312.5,312,311.5,311,310.5,313,314,314.5,315,315.5
1684719275073724644,312.5,312,311.5,311,310.5,313,313.5,314,314.5,315
1684719295231425388,312.5,312,311.5,311,310.5,313,313.5,314,314.5,315
1684719313067735465,312,311.5,311,310.5,310,312.5,313,313.5,314,314.5
1684719313102894798,312,311.5,311,310.5,310,312.5,313,313.5,314,314.5
1684719313103041915,312,311.5,311,310.5,310,312.5,313,313.5,314,314.5
1684719316121198611,312,311.5,311,310.5,310,312.5,313,314,314.5,315
1684719316121198611,312,311.5,311,310.5,310,312.5,313,314,314.5,315
1684719321361980401,312,311.5,311,310.5,310,312.5,313,314,314.5,315
1684719321362027851,312,311.5,311,310.5,310,312.5,313,314,314.5,315
1684719321398029135,312,311.5,311,310.5,310,312.5,313,314,314.5,315
1684719321426629604,311.5,311,310.5,310,309.5,312.5,313,314,314.5,315
1684719321426629604,311.5,311,310.5,310,309.5,312,312.5,313,314,314.5
1684719321449650887,311.5,311,310.5,310,309.5,312,312.5,313,314,314.5
1684719321449650887,311.5,311,310.5,310,309.5,312,312.5,313,314,314.5
1684719321449650887,311.5,311,310.5,310,309.5,312,312.5,313,314,314.5
1684719321449650887,311.5,311,310.5,310,309.5,312,312.5,313,314,314.5
1684719321469539048,311.5,311,310.5,310,309.5,312,312.5,313,314,314.5
1684719321482061099,311.5,311,310.5,310,309.5,312,312.5,313,314,314.5
1684719321482061099,311.5,311,310.5,310,309.5,312,312.5,313,314,314.5
1684719323420575842,311.5,311,310.5,310,309.5,312,312.5,313,314,314.5
1684719326149114875,311.5,311,310.5,310,309.5,312,312.5,313,314,314.5
1684719326149233879,311.5,311,310.5,310,309.5,312,312.5,313,314,314.5
1684719326934024835,311.5,311,310.5,310,309.5,312,312.5,313,314,314.5
1684719327337326595,311.5,311,310.5,310,309.5,312,312.5,313,314,314.5
1684719327337326595,311.5,311,310.5,310,309.5,312,312.5,313,314,314.5
1684719339712446726,311.5,311,310.5,310,309.5,312,312.5,313,314,314.5
1684719343231260382,311.5,311,310.5,310,309.5,312,312.5,313,314,314.5
1684719343263724815,311.5,311,310.5,310,309.5,312,312.5,313,314,314.5
1684719343263724815,311,310.5,310,309.5,309,312,312.5,313,314,314.5
1684719343298684654,311,310.5,310,309.5,309,312,312.5,313,314,314.5
1684719343298684654,311,310.5,310,309.5,309,312,312.5,313,314,314.5
1684719343298752752,311,310.5,310,309.5,309,312,312.5,313,314,314.5
1684719343311396381,311,310.5,310,309.5,309,312,312.5,313,314,314.5
1684719343331260166,311,310.5,310,309.5,309,312,312.5,313,314,314.5
1684719343551255960,311,310.5,310,309.5,309,312,312.5,313,314,314.5
1684719345089933126,311,310.5,310,309.5,309,312,312.5,313,314,314.5
1684719346797422667,311,310.5,310,309.5,309,312,312.5,313,314,314.5
1684719349187500462,311,310.5,310,309.5,309,312,312.5,313,314,314.5
1684719349218705661,311,310.5,310,309.5,309,312,312.5,313,314,314.5
1684719355179437585,311,310.5,310,309.5,309,312,312.5,313,313.5,314
1684719358971984819,311,310.5,310,309.5,309,312,312.5,313,313.5,314
1684719359002711019,311,310.5,310,309.5,309,312,312.5,313,313.5,314
1684719365824914861,311,310.5,310,309.5,309,312,312.5,313,313.5,314
1684719365853369736,311,310.5,310,309.5,309,312,312.5,313,313.5,314
1684719368721722087,311,310.5,310,309.5,309,312,312.5,313,313.5,314
1684719371840285040,311,310.5,310,309.5,309,312,312.5,313,313.5,314
1684719373587751609,311,310.5,310,309.5,309,312,312.5,313,313.5,314
1684719373600080457,311,310.5,310,309.5,309,312,312.5,313,313.5,314
1684719376772335881,311,310.5,310,309.5,309,312,312.5,313,313.5,314
1684719380496758778,311,310.5,310,309.5,309,312,312.5,313,313.5,314
1684719387747750781,311,310.5,310,309.5,309,312,312.5,313,313.5,314
1684719388091714992,311,310.5,310,309.5,309,312,312.5,313,313.5,314
1684719392469479331,311,310.5,310,309.5,309,312,312.5,313,313.5,314
1684719405112801884,311,310.5,310,309.5,309,312,312.5,313,313.5,314
1684719406195332701,311,310.5,310,309.5,309,312,312.5,313,313.5,314
1684719407170219592,311,310.5,310,309.5,309,312,312.5,313,313.5,314
1684719411837010112,311,310.5,310,309.5,309,312,312.5,313,313.5,314
1684719413842608397,311,310.5,310,309.5,309,312,312.5,313,313.5,314
1684719418226138020,311,310.5,310,309.5,309,312,312.5,313,313.5,314
1684719429011070338,311.5,311,310.5,310,309.5,312,312.5,313,313.5,314
1684719429044411157,311.5,311,310.5,310,309.5,312,312.5,313,313.5,314
1684719429044411157,311.5,311,310.5,310,309.5,312,312.5,313,313.5,314
1684719434017727235,311.5,311,310.5,310,309.5,312,312.5,313,313.5,314
1684719435254748286,311.5,311,310.5,310,309.5,312,312.5,313,314,314.5
1684719435254748286,311.5,311,310.5,310,309.5,312,312.5,313,314,314.5
1684719437602540817,311.5,311,310.5,310,309.5,312,312.5,313,314,314.5
1684719441874761482,311,310.5,310,309.5,309,312,312.5,313,314,314.5
1684719441895248968,311,310.5,310,309.5,309,312,312.5,313,314,314.5
1684719441915975844,311,310.5,310,309.5,309,312,312.5,313,314,314.5
1684719451115741609,311,310.5,310,309.5,309,312,312.5,313,314,314.5
1684719453531015390,311,310.5,310,309.5,309,312,312.5,313,314,314.5
1684719454518207454,311,310.5,310,309.5,309,312,312.5,313,314,314.5
1684719456026553421,311,310.5,310,309.5,309,312,312.5,313,314,314.5
1684719456269290653,311,310.5,310,309.5,309,312,312.5,313,313.5,314
1684719457872073751,311.5,311,310.5,310,309.5,312,312.5,313,313.5,314
1684719457892583078,311.5,311,310.5,310,309.5,312,312.5,313,313.5,314
1684719462785212983,311.5,311,310.5,310,309.5,312,312.5,313,313.5,314
1684719468550224960,311.5,311,310.5,310,309.5,312,312.5,313,314,314.5
1684719468550224960,311.5,311,310.5,310,309.5,312,312.5,313,314,314.5
1684719469859203515,311.5,311,310.5,310,309.5,312,312.5,313,314,314.5
1684719470046377003,311.5,311,310.5,310,309.5,312,312.5,313,314,314.5
1684719471309521271,311.5,311,310.5,310,309.5,312,312.5,313,314,314.5
1684719474123164752,311.5,311,310.5,310,309.5,312,312.5,313,314,314.5
1684719474418452640,311.5,311,310.5,310,309.5,312,312.5,313,314,314.5
1684719479454932550,311.5,311,310.5,310,309.5,312,312.5,313,314,314.5
1684719490574784855,311.5,311,310.5,310,309.5,312,312.5,313,314,314.5
1684719492923314871,311.5,311,310.5,310,309.5,312,312.5,313,314,314.5
1684719493147007525,311.5,311,310.5,310,309.5,312,312.5,313,314,314.5
1684719494454883500,311.5,311,310.5,310,309.5,312,312.5,313,314,314.5
1684719509221057190,311.5,311,310.5,310,309.5,312,312.5,313,314,314.5
1684719510276803578,311.5,311,310.5,310,309.5,312,312.5,313,314,314.5
1684719515747901555,311.5,311,310.5,310,309.5,312,312.5,313,314,314.5
1684719516132880683,311.5,311,310.5,310,309.5,312,312.5,313,314,314.5
