Timestamp,BidPrice0,BidPrice1,BidPrice2,BidPrice3,BidPrice4,AskPrice0,AskPrice1,AskPrice2,AskPrice3,AskPrice4
1683671400132198049,0,0,0,0,0,0,0,0,0,0
1683678620154757784,323,318.5,315,314.5,311,324,329.5,331,334,336
1683678625176599753,323,320,318.5,316.5,315,324,329.5,331,333.5,334
1683678630193216760,323,320,318.5,316.5,315,324,329.5,331,333.5,334
1683678635200665582,323,320,318.5,317,316.5,324,327,329.5,330,331
1683678640205990657,323.5,323,320,318.5,317,324,327,329.5,330,331
1683678645217457723,323.5,323,320,318.5,317,324,327,329.5,330,331
1683678650253596685,323.5,323,320,318.5,317,324,327,329.5,330,331
1683678655269210757,323.5,323,320,318.5,317,324,327,329.5,330,331
1683678660278707482,323.5,323,320,318.5,318,324,327,329.5,330,331
1683678665294336672,324,323.5,323,320,318.5,327,329.5,330,331,332
1683678670307816976,323.5,323,322,320,318.5,324,327,329.5,330,331
1683678675327918553,324,323.5,323,322,320,327,329.5,330,331,332
1683678680343230125,324,323.5,323,322,320,327,329.5,330,331,332
1683678685364833741,324,323.5,323,322,320,327,329.5,330,331,332
1683678690368180436,324,323.5,323,322,320,327,329.5,330,331,332
1683678700401441720,325,324,323.5,323,322,327,329.5,330,331,332
1683678710434784817,326,325,324,323.5,323,327,329.5,330,331,332
1683678720463865238,326,325,324,323.5,323,327,329.5,330,331,332
1683678725467191742,326,325,324,323.5,323,327,328.5,329.5,330,331
1683678735496360366,326,325,324,323.5,323,327,329.5,330,331,332
1683678755573143624,326,325,324,323.5,323,327,329.5,330,331,332
1683678770622055638,326,325,324,323.5,323,327,329.5,330,331,332
1683678775641704616,324,323.5,323,322,320,327,329.5,330,331,332
1683678780642989783,323.5,323,322,320,319,324,327,329.5,330,331
1683678785666791587,323.5,323,322,320,319,324,327,329.5,330,331
1683678800703485462,323.5,323,322,320,319,324,327,329.5,330,331
1683678805727140550,323.5,323,322,320,319,324,327,329.5,330,331
1683678810742775939,323.5,323,322,320,319,324,327,329.5,330,331
1683678825793543424,323.5,323,322,320,319,324,327,329.5,330,331
1683678845847901784,323.5,323,322,320,319,324,327,329.5,330,331
1683678885976848251,323.5,323,322,320,319.5,324,327,329.5,330,331
1683678896010248534,323.5,323,322,320,319.5,324,327,329.5,330,331
1683678906043311541,323.5,323,322,320,319.5,324,327,329.5,330,331
1683678931131638067,323.5,323,322,320,319.5,324,327,329.5,330,331
1683678941154690763,323.5,323,322,320,319.5,324,327,329.5,330,331
1683678946180529780,323.5,323,322,320,319.5,324,327,329.5,330,331
1683678971262562302,323.5,323,322,320,319.5,324,327,329.5,330,331
1683679041487265012,323.5,323,322,320,319.5,324,327,329.5,330,331
1683679061545540127,323.5,323,322,320,319.5,324,327,329.5,330,330.5
1683679121743087088,323.5,323,322,320,319.5,324,327,329.5,330,330.5
1683679146815050173,323.5,323,322,320,319.5,324,327,329.5,330,330.5
1683679161867976801,323.5,323,322,320,319.5,324,327,329.5,330,330.5
1683679212833138006,323.5,323,322,321.5,320,324,327,329.5,330,330.5
1683679232891421183,323.5,323,322,320,319.5,324,327,329.5,330,330.5
1683679242922760691,324,323.5,323,322,320,327,329.5,330,330.5,331
1683679262989087433,324,323.5,323,322,320,327,329.5,330,330.5,331
1683679268008860765,324,323.5,323,322,320,327,329.5,330,330.5,331
1683679278029944601,324,323.5,323,322,320,327,329.5,330,330.5,331
1683679303107913844,324,323.5,323,322,320,327,329.5,330,330.5,331
1683679318160814707,324,323.5,323,322,320,327,329.5,330,330.5,331
1683679323178479927,324,323.5,323,322,320,327,329.5,330,330.5,331
1683679378333735945,324,323.5,323,322,320,327,329.5,330,330.5,331
1683679383363544862,324,323.5,323,322,320,327,329.5,330,330.5,331
1683679458609078586,324,323.5,323,322,320,327,329.5,330,330.5,331
1683679468638269717,324,323.5,323,322,320,327,329.5,330,330.5,331
1683679488698637222,324,323.5,323,322,320,327,329.5,330,330.5,331
1683679493699937372,324,323.5,323,322,320,327,329.5,330,330.5,331
1683679503749570541,324,323.5,323,322,320,327,329.5,330,330.5,331
1683679523809930041,324,323.5,323,322,320.5,327,329.5,330,330.5,331
1683679528827561312,324,323.5,323,322,321.5,327,329.5,330,330.5,331
1683679589012697093,324,323.5,323,322,321.5,327,329.5,330,330.5,331
1683679604057568538,325,324,323.5,323,322,327,329.5,330,330.5,331
1683679639181149182,325,324,323.5,323,322,327,329.5,330,330.5,331
1683679664260190960,325,324,323.5,323,322,327,329.5,330,330.5,331
1683679689342360351,325,324,323.5,323,322,327,329.5,330,330.5,331
1683679694362115870,325,324,323.5,323,322,327,329.5,330,330.5,331
1683679699367501415,325,324,323.5,323,322,327,329.5,330,330.5,331
1683679704385081168,325,324.5,324,323.5,323,327,329.5,330,330.5,331
1683679729467175986,325,324,323.5,323,322,327,329.5,330,330.5,331
1683679734462328254,325,324,323.5,323,322,327,329,329.5,330,330.5
1683679754555582677,325,324,323.5,323,322,327,329,329.5,330,330.5
1683679769594208601,325,324,323.5,323,322,327,329,329.5,330,330.5
1683679774626081787,325,324.5,324,323.5,323,327,329,329.5,330,330.5
1683679784847837965,325,324.5,324,323.5,323,327,329,329.5,330,330.5
1683679790070248775,325,324.5,324,323.5,323,327,329,329.5,330,330.5
1683679795282523963,325.5,325,324.5,324,323.5,327,329,329.5,330,330.5
1683679815545656522,325.5,325,324.5,324,323.5,327,329,329.5,330,330.5
1683679825568701103,325.5,325,324.5,324,323.5,327,329,329.5,330,330.5
1683679845635192809,325.5,325,324.5,324,323.5,327,329,329.5,330,330.5
1683679850663091237,325.5,325,324.5,324,323.5,327,329,329.5,330,330.5
1683679855678821105,325.5,325,324.5,324,323.5,327,329,329.5,330,330.5
1683679860698390082,325.5,325,324.5,324,323.5,327,329,329.5,330,330.5
1683679865707979992,325.5,325,324.5,324,323.5,327,329,329.5,330,330.5
1683679880754708317,325.5,325,324.5,324,323.5,327,329,329.5,330,330.5
1683679885759963917,325.5,325,324.5,324,323.5,327,329,329.5,330,330.5
1683679890779668006,325.5,325,324.5,324,323.5,327,329,329.5,330,330.5
1683679910852401646,325.5,325,324.5,324,323.5,327,329,329.5,330,330.5
1683679915867954648,325.5,325,324.5,324,323.5,327,329,329.5,330,330.5
1683679935929381562,325.5,325,324.5,324,323.5,327,329,329.5,330,330.5
1683679940955307179,326,325.5,325,324.5,324,327,329,329.5,330,330.5
1683679945956464049,326.5,326,325.5,325,324.5,327,329,329.5,330,330.5
1683679955993885948,326.5,326,325.5,325,324.5,327,329,329.5,330,330.5
1683679961021796241,328.5,328,327,326.5,326,329.5,330,330.5,331,331.5
1683679966031223919,328.5,328,327,326.5,326,329.5,330,330.5,331,331.5
1683679971034538188,329,328.5,328,327,326.5,329.5,330,330.5,331,331.5
1683679976064486797,329,328.5,328,327,326,329.5,330,330.5,331,331.5
1683679986087496942,329,328.5,328,327,326,330,330.5,331,331.5,332
1683679991105156736,329,328.5,328,327,326,330,330.5,331,331.5,332
1683680006166308079,329,328.5,328,327,326,330,330.5,331,331.5,332
1683680026228713527,329,328.5,328,327.5,327,330,330.5,331,331.5,332
1683680036251719008,329,328.5,328,327.5,327,330,330.5,331,331.5,332
1683680046293173478,329,328.5,328,327.5,327,330,330.5,331,331.5,332
1683680076393021609,329,328.5,328,327.5,327,330,330.5,331,331.5,332
1683680096455429845,329,328.5,328,327.5,327,330,330.5,331,331.5,332
1683680101460808341,330,329,328.5,328,327.5,330.5,331,331.5,332,332.5
1683680111502299763,329,328.5,328,327.5,327,330,330.5,331,331.5,332
1683680121541658077,330,329,328.5,328,327.5,330.5,331,331.5,332,332.5
1683680131572924517,330,329,328.5,328,327.5,330.5,331,331.5,332,332.5
1683680136580340668,330,329,328.5,328,327.5,330.5,331,332,332.5,333
1683680146640259035,330,329,328.5,328,327.5,330.5,331,332,332.5,333
1683680151641432272,330,329,328.5,328,327.5,330.5,331,332,332.5,333
1683680156665274695,330,329,328.5,328,327.5,330.5,331,332,332.5,333
1683680176725723962,330,329,328.5,328,327.5,330.5,331,332,332.5,333
1683680181751643082,330,329,328.5,328,327.5,330.5,331,332,332.5,333
1683680196792230719,330,329,328.5,328,327.5,330.5,331,332,332.5,333
1683680211837000466,330,329,328.5,328,327.5,330.5,331,332,332.5,333
1683680226885857494,330,329,328.5,328,327.5,330.5,331,332,332.5,333
1683680231899378732,330,329,328.5,328,327.5,330.5,331,332,332.5,333
1683680236919063874,329,328.5,328,327.5,327,330.5,331,332,332.5,333
1683680246954392216,329,328.5,328,327.5,327,330.5,331,332,332.5,333
1683680251963922410,329,328.5,328,327.5,327,330,330.5,331,332,332.5
1683680256979604013,329,328.5,328,327.5,327,330,330.5,331,332,332.5
1683680261995077855,329,328.5,328,327.5,327,329.5,330,330.5,331,332
1683680272024197427,329,328.5,328,327.5,327,330,330.5,331,332,332.5
1683680277039797556,329,328.5,328,327.5,327,329.5,330,330.5,331,332
1683680282047230079,328.5,328,327.5,327,326,329.5,330,330.5,331,332
1683680292086629861,328.5,328,327.5,327,326,329.5,330,330.5,331,332
1683680297100217230,328.5,328,327.5,327,326,329.5,330,330.5,331,332
1683680302128093287,328.5,328,327.5,327,326,329.5,330,330.5,331,332
1683680312143023352,328.5,328,327.5,327,326,329.5,330,330.5,331,332
1683680317162699231,328.5,328,327.5,327,326,329,329.5,330,330.5,331
1683680322180399050,328.5,328,327.5,327,326,329,329.5,330,330.5,331
1683680327197987700,328.5,328,327.5,327,326,329,329.5,330,330.5,331
1683680332225879254,328.5,328,327.5,327,326,329,329.5,330,330.5,331
1683680337231268427,328.5,328,327.5,327,326,329,329.5,330,330.5,331
1683680342250897277,329,328.5,328,327.5,327,329.5,330,330.5,331,332
1683680352286275361,329,328.5,328,327.5,327,329.5,330,330.5,331,332
1683680357301824329,329,328.5,328,327.5,327,330,330.5,331,332,332.5
1683680362307262462,329,328.5,328,327.5,327,330,330.5,331,332,332.5
1683680367328995531,329.5,329,328.5,328,327.5,330,330.5,331,332,332.5
1683680372352802615,329.5,329,328.5,328,327.5,330,330.5,331,332,332.5
1683680377368365989,329.5,329,328.5,328,327.5,330,330.5,331,332,332.5
1683680382375853028,329.5,329,328.5,328,327.5,330,330.5,331,332,332.5
1683680387601349833,329.5,329,328.5,328,327.5,330,330.5,331,332,332.5
1683680392813577844,329,328.5,328,327.5,327,330,330.5,331,332,332.5
1683680398035988274,330,329,328.5,328,327.5,330.5,331,332,332.5,333
1683680400047466280,330,329,328.5,328,327.5,330.5,331,332,332.5,333
1683680400067639208,330,329,328.5,328,327.5,330.5,331,332,332.5,333
1683680400067639208,330,329,328.5,328,327.5,330.5,331,332,332.5,333
1683680400067639208,330,329,328.5,328,327.5,330.5,331,332,332.5,333
1683680400067639208,330,329,328.5,328,327.5,330.5,331,332,332.5,333
1683680400067639208,330,329,328.5,328,327.5,330.5,331,332,332.5,333
1683680400067715411,330,329,328.5,328,327.5,330.5,331,332,332.5,333
1683680400067715411,330,329,328.5,328,327.5,330.5,331,332,332.5,333
1683680400067825117,330,329,328.5,328,327.5,330.5,331,332,332.5,333
1683680400067825117,330,329,328.5,328,327.5,330.5,331,332,332.5,333
1683680400067825117,330,329,328.5,328,327.5,330.5,331,332,332.5,333
1683680400067825117,330,329,328.5,328,327.5,330.5,331,332,332.5,333
1683680400139184254,330,329,328.5,328,327.5,330.5,331,332,332.5,333
1683680400180337436,330,329,328.5,328,327.5,330.5,331,332,332.5,333
1683680400180337436,330,329,328.5,328,327.5,330.5,331,332,332.5,333
1683680400180337436,330,329,328.5,328,327.5,330.5,331,332,332.5,333
1683680400180337436,330,329,328.5,328,327.5,330.5,331,332,332.5,333
1683680400180337436,330,329,328.5,328,327.5,330.5,331,332,332.5,333
1683680400180391157,330,329,328.5,328,327.5,330.5,331,332,332.5,333
1683680400180391157,330,329,328.5,328,327.5,330.5,331,332,332.5,333
1683680400180391157,330,329,328.5,328,327.5,330.5,331,332,332.5,333
1683680400180391157,330,329,328.5,328,327.5,330.5,331,332,332.5,333
1683680400180391157,330,329,328.5,328,327.5,330.5,331,332,332.5,333
1683680400274549243,330,329,328.5,328,327.5,330.5,331,332,332.5,333
1683680400274549243,330,329,328.5,328,327.5,330.5,331,332,332.5,333
1683680400274549243,330,329,328.5,328,327.5,330.5,331,332,332.5,333
1683680400274549243,330,329,328.5,328,327.5,330.5,331,332,332.5,333
1683680400274549243,330,329,328.5,328,327.5,330.5,331,332,332.5,333
1683680400274749278,330,329,328.5,328,327.5,330.5,331,332,332.5,333
1683680400274749278,330,329,328.5,328,327.5,330.5,331,332,332.5,333
1683680400274749278,330,329,328.5,328,327.5,330.5,331,332,332.5,333
1683680400274749278,330,329,328.5,328,327.5,330.5,331,332,332.5,333
1683680400274749278,330,329,328.5,328,327.5,330.5,331,332,332.5,333
1683680400367776691,330,329,328.5,328,327.5,330.5,331,332,332.5,333
1683680400367776691,330,329,328.5,328,327.5,330.5,331,332,332.5,333
1683680400367776691,330,329,328.5,328,327.5,330.5,331,332,332.5,333
1683680400367776691,330,329,328.5,328,327.5,330.5,331,332,332.5,333
1683680400367776691,330,329,328.5,328,327.5,330.5,331,332,332.5,333
1683680400367810545,330,329,328.5,328,327.5,330.5,331,332,332.5,333
1683680400377978817,330,329,328.5,328,327.5,330.5,331,332,332.5,333
1683680400377978817,330,329,328.5,328,327.5,330.5,331,332,332.5,333
1683680400377978817,330,329,328.5,328,327.5,330.5,331,332,332.5,333
1683680400377978817,330,329,328.5,328,327.5,330.5,331,332,332.5,333
1683680400441926629,330,329,328.5,328,327.5,330.5,331,332,332.5,333
1683680400473423910,330,329,328.5,328,327.5,330.5,331,332,332.5,333
1683680400473967631,330,329,328.5,328,327.5,330.5,331,332,332.5,333
1683680400473967631,330,329,328.5,328,327.5,330.5,331,332,332.5,333
1683680400473967631,330,329,328.5,328,327.5,330.5,331,332,332.5,333
1683680400473967631,330,329,328.5,328,327.5,330.5,331,332,332.5,333
1683680400473967631,330,329,328.5,328,327.5,330.5,331,332,332.5,333
1683680400474039937,330,329,328.5,328,327.5,330.5,331,332,332.5,333
1683680400474039937,330,329,328.5,328,327.5,330.5,331,332,332.5,333
1683680400474039937,330,329,328.5,328,327.5,330.5,331,332,332.5,333
1683680400474039937,330,329,328.5,328,327.5,330.5,331,332,332.5,333
1683680400566593841,330,329,328.5,328,327.5,330.5,331,332,332.5,333
1683680400566593841,330,329,328.5,328,327.5,330.5,331,332,332.5,333
1683680400567601162,330,329,328.5,328,327.5,330.5,331,332,332.5,333
1683680400567601162,330,329,328.5,328,327.5,330.5,331,332,332.5,333
1683680400567601162,330,329,328.5,328,327.5,330.5,331,332,332.5,333
1683680400567601162,330,329,328.5,328,327.5,330.5,331,332,332.5,333
1683680400567601162,330,329,328.5,328,327.5,330.5,331,332,332.5,333
1683680400567902799,330,329,328.5,328,327.5,330.5,331,332,332.5,333
1683680400567902799,330,329,328.5,328,327.5,330.5,331,332,332.5,333
1683680400567902799,330,329,328.5,328,327.5,330.5,331,332,332.5,333
1683680400672070850,330,329,328.5,328,327.5,330.5,331,332,332.5,333
1683680400672070850,330,329,328.5,328,327.5,330.5,331,332,332.5,333
1683680400672070850,330,329,328.5,328,327.5,330.5,331,332,332.5,333
1683680400672070850,330,329,328.5,328,327.5,330.5,331,332,332.5,333
1683680400672070850,330,329,328.5,328,327.5,330.5,331,332,332.5,333
1683680400672789700,330,329,328.5,328,327.5,330.5,331,332,332.5,333
1683680400672789700,330,329,328.5,328,327.5,330.5,331,332,332.5,333
1683680400672789700,330,329,328.5,328,327.5,330.5,331,332,332.5,333
1683680400672789700,330,329,328.5,328,327.5,330.5,331,332,332.5,333
1683680400672789700,330,329,328.5,328,327.5,330.5,331,332,332.5,333
1683680400765172222,330,329,328.5,328,327.5,330.5,331,332,332.5,333
1683680400765172222,330,329,328.5,328,327.5,330.5,331,332,332.5,333
1683680400765172222,330,329,328.5,328,327.5,330.5,331,332,332.5,333
1683680400765172222,330,329,328.5,328,327.5,330.5,331,332,332.5,333
1683680400765172222,330,329,328.5,328,327.5,330.5,331,332,332.5,333
1683680400765280345,330,329,328.5,328,327.5,330.5,331,332,332.5,333
1683680400765280345,330,329,328.5,328,327.5,330.5,331,332,332.5,333
1683680400765280345,330,329,328.5,328,327.5,330.5,331,332,332.5,333
1683680400765280345,330,329,328.5,328,327.5,330.5,331,332,332.5,333
1683680400765280345,330,329,328.5,328,327.5,330.5,331,332,332.5,333
1683680400868401601,330,329,328.5,328,327.5,330.5,331,332,332.5,333
1683680400868401601,330,329,328.5,328,327.5,330.5,331,332,332.5,333
1683680400868401601,330,329,328.5,328,327.5,330.5,331,332,332.5,333
1683680400868401601,330,329,328.5,328,327.5,330.5,331,332,332.5,333
1683680400868401601,330,329,328.5,328,327.5,330.5,331,332,332.5,333
1683680400868456243,330,329,328.5,328,327.5,330.5,331,332,332.5,333
1683680400868456243,330,329,328.5,328,327.5,330.5,331,332,332.5,333
1683680400868456243,330,329,328.5,328,327.5,330.5,331,332,332.5,333
1683680400868456243,330,329,328.5,328,327.5,330.5,331,332,332.5,333
1683680400868456243,330,329,328.5,328,327.5,330.5,331,332,332.5,333
1683680400974943559,330,329,328.5,328,327.5,330.5,331,332,332.5,333
1683680400974943559,330,329,328.5,328,327.5,330.5,331,332,332.5,333
1683680400974943559,330,329,328.5,328,327.5,330.5,331,332,332.5,333
1683680400974943559,330,329,328.5,328,327.5,330.5,331,332,332.5,333
1683680400975050190,330,329,328.5,328,327.5,330.5,331,332,332.5,333
1683680400975050190,330,329,328.5,328,327.5,330.5,331,332,332.5,333
1683680400975050190,330,329,328.5,328,327.5,330.5,331,332,332.5,333
1683680400975050190,330,329,328.5,328,327.5,330.5,331,332,332.5,333
1683680400975050190,330,329,328.5,328,327.5,330.5,331,332,332.5,333
1683680400975065178,330,329,328.5,328,327.5,330.5,331,332,332.5,333
1683680401069494894,330,329,328.5,328,327.5,330.5,331,332,332.5,333
1683680401069494894,330,329,328.5,328,327.5,330.5,331,332,332.5,333
1683680401069494894,330,329,328.5,328,327.5,330.5,331,332,332.5,333
1683680401069494894,330,329,328.5,328,327.5,330.5,331,332,332.5,333
1683680401069494894,330,329,328.5,328,327.5,330.5,331,332,332.5,333
1683680401069549136,330,329,328.5,328,327.5,330.5,331,332,332.5,333
1683680401069549136,330,329,328.5,328,327.5,330.5,331,332,332.5,333
1683680401069549136,330,329,328.5,328,327.5,330.5,331,332,332.5,333
1683680401069549136,330,329,328.5,328,327.5,330.5,331,332,332.5,333
1683680401069549136,330,329,328.5,328,327.5,330.5,331,332,332.5,333
1683680401173894660,330,329,328.5,328,327.5,330.5,331,332,332.5,333
1683680401173894660,330,329,328.5,328,327.5,330.5,331,332,332.5,333
1683680401173894660,330,329,328.5,328,327.5,330.5,331,332,332.5,333
1683680401173894660,330,329,328.5,328,327.5,330.5,331,332,332.5,333
1683680401173972857,330,329,328.5,328,327.5,330.5,331,332,332.5,333
1683680401173972857,330,329,328.5,328,327.5,330.5,331,332,332.5,333
1683680401173972857,330,329,328.5,328,327.5,330.5,331,332,332.5,333
1683680401173972857,330,329,328.5,328,327.5,330.5,331,332,332.5,333
1683680401173972857,330,329,328.5,328,327.5,330.5,331,332,332.5,333
1683680401173998034,330,329,328.5,328,327.5,330.5,331,332,332.5,333
1683680401277066752,330,329,328.5,328,327.5,330.5,331,332,332.5,333
1683680401277335847,330,329,328.5,328,327.5,330.5,331,332,332.5,333
1683680401277335847,330,329,328.5,328,327.5,330.5,331,332,332.5,333
1683680401277335847,330,329,328.5,328,327.5,330.5,331,332,332.5,333
1683680401277335847,330,329,328.5,328,327.5,330.5,331,332,332.5,333
1683680401277485829,330,329,328.5,328,327.5,330.5,331,332,332.5,333
1683680401277485829,330,329,328.5,328,327.5,330.5,331,332,332.5,333
1683680401277485829,330,329,328.5,328,327.5,330.5,331,332,332.5,333
1683680401277485829,330,329,328.5,328,327.5,330.5,331,332,332.5,333
1683680401277485829,330,329,328.5,328,327.5,330.5,331,332,332.5,333
1683680401371603148,330,329,328.5,328,327.5,330.5,331,332,332.5,333
1683680401371603148,330,329,328.5,328,327.5,330.5,331,332,332.5,333
1683680401371657991,330,329,328.5,328,327.5,330.5,331,332,332.5,333
1683680401371657991,330,329,328.5,328,327.5,330.5,331,332,332.5,333
1683680401371657991,330,329,328.5,328,327.5,330.5,331,332,332.5,333
1683680401371657991,330,329,328.5,328,327.5,330.5,331,332,332.5,333
1683680401371657991,330,329,328.5,328,327.5,330.5,331,332,332.5,333
1683680401371711612,330,329,328.5,328,327.5,330.5,331,332,332.5,333
1683680401371711612,330,329,328.5,328,327.5,330.5,331,332,332.5,333
1683680401371711612,330,329,328.5,328,327.5,330.5,331,332,332.5,333
1683680401477723155,330,329,328.5,328,327.5,330.5,331,332,332.5,333
1683680401477778088,330,329,328.5,328,327.5,330.5,331,332,332.5,333
1683680401477778088,330,329,328.5,328,327.5,330.5,331,332,332.5,333
1683680401477778088,330,329,328.5,328,327.5,330.5,331,332,332.5,333
1683680401477778088,330,329,328.5,328,327.5,330.5,331,332,332.5,333
1683680401477778088,330,329,328.5,328,327.5,330.5,331,332,332.5,333
1683680401477822561,330,329,328.5,328,327.5,330.5,331,332,332.5,333
1683680401477822561,330,329,328.5,328,327.5,330.5,331,332,332.5,333
1683680401477822561,330,329,328.5,328,327.5,330.5,331,332,332.5,333
1683680401477822561,330,329,328.5,328,327.5,330.5,331,332,332.5,333
1683680401571928780,330,329,328.5,328,327.5,330.5,331,332,332.5,333
1683680401571928780,330,329,328.5,328,327.5,330.5,331,332,332.5,333
1683680401571928780,330,329,328.5,328,327.5,330.5,331,332,332.5,333
1683680401571928780,330,329,328.5,328,327.5,330.5,331,332,332.5,333
1683680401571928780,330,329,328.5,328,327.5,330.5,331,332,332.5,333
1683680401572027034,330,329,328.5,328,327.5,330.5,331,332,332.5,333
1683680401572027034,330,329,328.5,328,327.5,330.5,331,332,332.5,333
1683680401572027034,330,329,328.5,328,327.5,330.5,331,332,332.5,333
1683680401572027034,330,329,328.5,328,327.5,330.5,331,332,332.5,333
1683680401572027034,330,329,328.5,328,327.5,330.5,331,332,332.5,333
1683680401678489845,330,329,328.5,328,327.5,330.5,331,332,332.5,333
1683680401678489845,330,329,328.5,328,327.5,330.5,331,332,332.5,333
1683680401678489845,330,329,328.5,328,327.5,330.5,331,332,332.5,333
1683680401678489845,330,329,328.5,328,327.5,330.5,331,332,332.5,333
1683680401678489845,330,329,328.5,328,327.5,330.5,331,332,332.5,333
1683680401678597847,330,329,328.5,328,327.5,330.5,331,332,332.5,333
1683680401678597847,330,329,328.5,328,327.5,330.5,331,332,332.5,333
1683680401678597847,330,329,328.5,328,327.5,330.5,331,332,332.5,333
1683680401678597847,330,329,328.5,328,327.5,330.5,331,332,332.5,333
1683680401678597847,330,329,328.5,328,327.5,330.5,331,332,332.5,333
1683680401783910197,330,329,328.5,328,327.5,330.5,331,332,332.5,333
1683680401783910197,330,329,328.5,328,327.5,330.5,331,332,332.5,333
1683680401783910197,330,329,328.5,328,327.5,330.5,331,332,332.5,333
1683680401783910197,330,329,328.5,328,327.5,330.5,331,332,332.5,333
1683680401783910197,330,329,328.5,328,327.5,330.5,331,332,332.5,333
1683680401784019192,330,329,328.5,328,327.5,330.5,331,332,332.5,333
1683680401784019192,330,329,328.5,328,327.5,330.5,331,332,332.5,333
1683680401784019192,330,329,328.5,328,327.5,330.5,331,332,332.5,333
1683680401784019192,330,329,328.5,328,327.5,330.5,331,332,332.5,333
1683680401784019192,330,329,328.5,328,327.5,330.5,331,332,332.5,333
1683680401877107209,330,329,328.5,328,327.5,330.5,331,332,332.5,333
1683680401877214901,330,329,328.5,328,327.5,330.5,331,332,332.5,333
1683680401877214901,330,329,328.5,328,327.5,330.5,331,332,332.5,333
1683680401877214901,330,329,328.5,328,327.5,330.5,331,332,332.5,333
1683680401877322503,330,329,328.5,328,327.5,330.5,331,332,332.5,333
1683680401877322503,330,329,328.5,328,327.5,330.5,331,332,332.5,333
1683680401877322503,330,329,328.5,328,327.5,330.5,331,332,332.5,333
1683680401877322503,330,329,328.5,328,327.5,330.5,331,332,332.5,333
1683680401877322503,330,329,328.5,328,327.5,330.5,331,332,332.5,333
1683680401877348612,330,329,328.5,328,327.5,330.5,331,332,332.5,333
1683680401910048421,330,329,328.5,328,327.5,330.5,331,332,332.5,333
1683680401953021660,330,329,328.5,328,327.5,330.5,331,332,332.5,333
1683680401975403786,330,329,328.5,328,327.5,330.5,331,332,332.5,333
1683680401975403786,330,329,328.5,328,327.5,330.5,331,332,332.5,333
1683680401975403786,330,329,328.5,328,327.5,330.5,331,332,332.5,333
1683680401975403786,330,329,328.5,328,327.5,330.5,331,332,332.5,333
1683680401975510686,330,329,328.5,328,327.5,330.5,331,332,332.5,333
1683680401975510686,330,329,328.5,328,327.5,330.5,331,332,332.5,333
1683680401975510686,330,329,328.5,328,327.5,330.5,331,332,332.5,333
1683680401975510686,330,329,328.5,328,327.5,330.5,331,332,332.5,333
1683680401975510686,330,329,328.5,328,327.5,330.5,331,332,332.5,333
1683680401975535182,330,329,328.5,328,327.5,330.5,331,332,332.5,333
1683680401975535182,330,329,328.5,328,327.5,330.5,331,332,332.5,333
1683680401985633744,330,329,328.5,328,327.5,330.5,331,332,332.5,333
1683680401985633744,329,328.5,328,327.5,327,330,330.5,331,332,332.5
1683680402070989933,329,328.5,328,327.5,327,330,330.5,331,332,332.5
1683680402070989933,329,328.5,328,327.5,327,330,330.5,331,332,332.5
1683680402070989933,329,328.5,328,327.5,327,330,330.5,331,332,332.5
1683680402070989933,329,328.5,328,327.5,327,330,330.5,331,332,332.5
1683680402071172907,329,328.5,328,327.5,327,330,330.5,331,332,332.5
1683680402071172907,329,328.5,328,327.5,327,330,330.5,331,332,332.5
1683680402071172907,329,328.5,328,327.5,327,330,330.5,331,332,332.5
1683680402071172907,329,328.5,328,327.5,327,330,330.5,331,332,332.5
1683680402071172907,329,328.5,328,327.5,327,330,330.5,331,332,332.5
1683680402072673715,329,328.5,328,327.5,327,330,330.5,331,332,332.5
1683680402094147034,329,328.5,328,327.5,327,330,330.5,331,332,332.5
1683680402177318451,329,328.5,328,327.5,327,330,330.5,331,332,332.5
1683680402177318451,329,328.5,328,327.5,327,330,330.5,331,332,332.5
1683680402177318451,329,328.5,328,327.5,327,330,330.5,331,332,332.5
1683680402177318451,329,328.5,328,327.5,327,330,330.5,331,332,332.5
1683680402177318451,329,328.5,328,327.5,327,330,330.5,331,332,332.5
1683680402177768075,329,328.5,328,327.5,327,330,330.5,331,332,332.5
1683680402177768075,329,328.5,328,327.5,327,330,330.5,331,332,332.5
1683680402177768075,329,328.5,328,327.5,327,330,330.5,331,332,332.5
1683680402177768075,329,328.5,328,327.5,327,330,330.5,331,332,332.5
1683680402177768075,329,328.5,328,327.5,327,330,330.5,331,332,332.5
1683680402278948707,329,328.5,328,327.5,327,330,330.5,331,332,332.5
1683680402279053564,329,328.5,328,327.5,327,330,330.5,331,332,332.5
1683680402279053564,329,328.5,328,327.5,327,330,330.5,331,332,332.5
1683680402279053564,329,328.5,328,327.5,327,330,330.5,331,332,332.5
1683680402279053564,329,328.5,328,327.5,327,330,330.5,331,332,332.5
1683680402279053564,329,328.5,328,327.5,327,330,330.5,331,332,332.5
1683680402279108377,329,328.5,328,327.5,327,330,330.5,331,332,332.5
1683680402279108377,329,328.5,328,327.5,327,330,330.5,331,332,332.5
1683680402279108377,329,328.5,328,327.5,327,330,330.5,331,332,332.5
1683680402279108377,329,328.5,328,327.5,327,330,330.5,331,332,332.5
1683680402351203897,329,328.5,328,327.5,327,330,330.5,331,332,332.5
1683680402383949582,329,328.5,328,327.5,327,330,330.5,331,332,332.5
1683680402383949582,329,328.5,328,327.5,327,330,330.5,331,332,332.5
1683680402383949582,329,328.5,328,327.5,327,330,330.5,331,332,332.5
1683680402383949582,329,328.5,328,327.5,327,330,330.5,331,332,332.5
1683680402384002362,329,328.5,328,327.5,327,330,330.5,331,332,332.5
1683680402384002362,329,328.5,328,327.5,327,330,330.5,331,332,332.5
1683680402384002362,329,328.5,328,327.5,327,330,330.5,331,332,332.5
1683680402384002362,329,328.5,328,327.5,327,330,330.5,331,332,332.5
1683680402384002362,329,328.5,328,327.5,327,330,330.5,331,332,332.5
1683680402384058898,329,328.5,328,327.5,327,330,330.5,331,332,332.5
1683680402476879342,329,328.5,328,327.5,327,330,330.5,331,332,332.5
1683680402476879342,329,328.5,328,327.5,327,330,330.5,331,332,332.5
1683680402476879342,329,328.5,328,327.5,327,330,330.5,331,332,332.5
1683680402476879342,329,328.5,328,327.5,327,330,330.5,331,332,332.5
1683680402476879342,329,328.5,328,327.5,327,330,330.5,331,332,332.5
1683680402476967077,329,328.5,328,327.5,327,330,330.5,331,332,332.5
1683680402476967077,329,328.5,328,327.5,327,330,330.5,331,332,332.5
1683680402476967077,329,328.5,328,327.5,327,330,330.5,331,332,332.5
1683680402476967077,329,328.5,328,327.5,327,330,330.5,331,332,332.5
1683680402476967077,329,328.5,328,327.5,327,330,330.5,331,332,332.5
1683680402572469207,329,328.5,328,327.5,327,330,330.5,331,332,332.5
1683680402572469207,329,328.5,328,327.5,327,330,330.5,331,332,332.5
1683680402572469207,329,328.5,328,327.5,327,330,330.5,331,332,332.5
1683680402572577570,329,328.5,328,327.5,327,330,330.5,331,332,332.5
1683680402572577570,329,328.5,328,327.5,327,330,330.5,331,332,332.5
1683680402572577570,329,328.5,328,327.5,327,330,330.5,331,332,332.5
1683680402572577570,329,328.5,328,327.5,327,330,330.5,331,332,332.5
1683680402572577570,329,328.5,328,327.5,327,330,330.5,331,332,332.5
1683680402572612626,329,328.5,328,327.5,327,330,330.5,331,332,332.5
1683680402572612626,329,328.5,328,327.5,327,330,330.5,331,332,332.5
1683680402664586301,329,328.5,328,327.5,327,330,330.5,331,332,332.5
1683680402664694323,329,328.5,328,327.5,327,330,330.5,331,332,332.5
1683680402664694323,329,328.5,328,327.5,327,330,330.5,331,332,332.5
1683680402664694323,329,328.5,328,327.5,327,330,330.5,331,332,332.5
1683680402664694323,329,328.5,328,327.5,327,330,330.5,331,332,332.5
1683680402664819178,329,328.5,328,327.5,327,330,330.5,331,332,332.5
1683680402664819178,329,328.5,328,327.5,327,330,330.5,331,332,332.5
1683680402664819178,329,328.5,328,327.5,327,330,330.5,331,332,332.5
1683680402664819178,329,328.5,328,327.5,327,330,330.5,331,332,332.5
1683680402664819178,329,328.5,328,327.5,327,330,330.5,331,332,332.5
1683680402767015036,329,328.5,328,327.5,327,330,330.5,331,332,332.5
1683680402767015036,329,328.5,328,327.5,327,330,330.5,331,332,332.5
1683680402767015036,329,328.5,328,327.5,327,330,330.5,331,332,332.5
1683680402767121997,329,328.5,328,327.5,327,330,330.5,331,332,332.5
1683680402767121997,329,328.5,328,327.5,327,330,330.5,331,332,332.5
1683680402767121997,329,328.5,328,327.5,327,330,330.5,331,332,332.5
1683680402767121997,329,328.5,328,327.5,327,330,330.5,331,332,332.5
1683680402767121997,329,328.5,328,327.5,327,330,330.5,331,332,332.5
1683680402767157153,329,328.5,328,327.5,327,330,330.5,331,332,332.5
1683680402767157153,329,328.5,328,327.5,327,330,330.5,331,332,332.5
1683680402789526425,329,328.5,328,327.5,327,330,330.5,331,332,332.5
1683680402879034520,329,328.5,328,327.5,327,330,330.5,331,332,332.5
1683680402879034520,329,328.5,328,327.5,327,330,330.5,331,332,332.5
1683680402879034520,329,328.5,328,327.5,327,330,330.5,331,332,332.5
1683680402879034520,329,328.5,328,327.5,327,330,330.5,331,332,332.5
1683680402879034520,329,328.5,328,327.5,327,330,330.5,331,332,332.5
1683680402879142262,329,328.5,328,327.5,327,330,330.5,331,332,332.5
1683680402879142262,329,328.5,328,327.5,327,330,330.5,331,332,332.5
1683680402879142262,329,328.5,328,327.5,327,330,330.5,331,332,332.5
1683680402879142262,329,328.5,328,327.5,327,330,330.5,331,332,332.5
1683680402879142262,329,328.5,328,327.5,327,330,330.5,331,332,332.5
1683680402970778894,329,328.5,328,327.5,327,330,330.5,331,332,332.5
1683680402970778894,329,328.5,328,327.5,327,330,330.5,331,332,332.5
1683680402970778894,329,328.5,328,327.5,327,330,330.5,331,332,332.5
1683680402970778894,329,328.5,328,327.5,327,330,330.5,331,332,332.5
1683680402970778894,329,328.5,328,327.5,327,330,330.5,331,332,332.5
1683680402970887758,329,328.5,328,327.5,327,330,330.5,331,332,332.5
1683680402970887758,329,328.5,328,327.5,327,330,330.5,331,332,332.5
1683680402970887758,329,328.5,328,327.5,327,330,330.5,331,332,332.5
1683680402970887758,329,328.5,328,327.5,327,330,330.5,331,332,332.5
1683680402970887758,329,328.5,328,327.5,327,330,330.5,331,332,332.5
1683680403068030939,329,328.5,328,327.5,327,330,330.5,331,332,332.5
1683680403068030939,329,328.5,328,327.5,327,330,330.5,331,332,332.5
1683680403068030939,329,328.5,328,327.5,327,330,330.5,331,332,332.5
1683680403068030939,329,328.5,328,327.5,327,330,330.5,331,332,332.5
1683680403068085091,329,328.5,328,327.5,327,330,330.5,331,332,332.5
1683680403068085091,329,328.5,328,327.5,327,330,330.5,331,332,332.5
1683680403068085091,329,328.5,328,327.5,327,330,330.5,331,332,332.5
1683680403068085091,329,328.5,328,327.5,327,330,330.5,331,332,332.5
1683680403068085091,329,328.5,328,327.5,327,330,330.5,331,332,332.5
1683680403068130176,329,328.5,328,327.5,327,330,330.5,331,332,332.5
1683680403174554964,329,328.5,328,327.5,327,330,330.5,331,332,332.5
1683680403174554964,329,328.5,328,327.5,327,330,330.5,331,332,332.5
1683680403174554964,329,328.5,328,327.5,327,330,330.5,331,332,332.5
1683680403174554964,329,328.5,328,327.5,327,330,330.5,331,332,332.5
1683680403174554964,329,328.5,328,327.5,327,330,330.5,331,332,332.5
1683680403174665271,329,328.5,328,327.5,327,330,330.5,331,332,332.5
1683680403174665271,329,328.5,328,327.5,327,330,330.5,331,332,332.5
1683680403174665271,329,328.5,328,327.5,327,330,330.5,331,332,332.5
1683680403174665271,329,328.5,328,327.5,327,330,330.5,331,332,332.5
1683680403174665271,329,328.5,328,327.5,327,330,330.5,331,332,332.5
1683680403276319302,329,328.5,328,327.5,327,330,330.5,331,332,332.5
1683680403276319302,329,328.5,328,327.5,327,330,330.5,331,332,332.5
1683680403276319302,329,328.5,328,327.5,327,330,330.5,331,332,332.5
1683680403276389304,329,328.5,328,327.5,327,330,330.5,331,332,332.5
1683680403276389304,329,328.5,328,327.5,327,330,330.5,331,332,332.5
1683680403276389304,329,328.5,328,327.5,327,330,330.5,331,332,332.5
1683680403276389304,329,328.5,328,327.5,327,330,330.5,331,332,332.5
1683680403276389304,329,328.5,328,327.5,327,330,330.5,331,332,332.5
1683680403276460517,329,328.5,328,327.5,327,330,330.5,331,332,332.5
1683680403276460517,329,328.5,328,327.5,327,330,330.5,331,332,332.5
1683680403370911423,329,328.5,328,327.5,327,330,330.5,331,332,332.5
1683680403370911423,329,328.5,328,327.5,327,330,330.5,331,332,332.5
1683680403370964553,329,328.5,328,327.5,327,330,330.5,331,332,332.5
1683680403370964553,329,328.5,328,327.5,327,330,330.5,331,332,332.5
1683680403370964553,329,328.5,328,327.5,327,330,330.5,331,332,332.5
1683680403370964553,329,328.5,328,327.5,327,330,330.5,331,332,332.5
1683680403370964553,329,328.5,328,327.5,327,330,330.5,331,332,332.5
1683680403371019326,329,328.5,328,327.5,327,330,330.5,331,332,332.5
1683680403371019326,329,328.5,328,327.5,327,330,330.5,331,332,332.5
1683680403371019326,329,328.5,328,327.5,327,330,330.5,331,332,332.5
1683680403463480446,329,328.5,328,327.5,327,330,330.5,331,332,332.5
1683680403463480446,329,328.5,328,327.5,327,330,330.5,331,332,332.5
1683680403463588068,329,328.5,328,327.5,327,330,330.5,331,332,332.5
1683680403463588068,329,328.5,328,327.5,327,330,330.5,331,332,332.5
1683680403463588068,329,328.5,328,327.5,327,330,330.5,331,332,332.5
1683680403463588068,329,328.5,328,327.5,327,330,330.5,331,332,332.5
1683680403463588068,329,328.5,328,327.5,327,330,330.5,331,332,332.5
1683680403463696141,329,328.5,328,327.5,327,330,330.5,331,332,332.5
1683680403463696141,329,328.5,328,327.5,327,330,330.5,331,332,332.5
1683680403463696141,329,328.5,328,327.5,327,330,330.5,331,332,332.5
1683680403566751563,329,328.5,328,327.5,327,330,330.5,331,332,332.5
1683680403566751563,329,328.5,328,327.5,327,330,330.5,331,332,332.5
1683680403566858053,329,328.5,328,327.5,327,330,330.5,331,332,332.5
1683680403566858053,329,328.5,328,327.5,327,330,330.5,331,332,332.5
1683680403566858053,329,328.5,328,327.5,327,330,330.5,331,332,332.5
1683680403566858053,329,328.5,328,327.5,327,330,330.5,331,332,332.5
1683680403566858053,329,328.5,328,327.5,327,330,330.5,331,332,332.5
1683680403566965615,329,328.5,328,327.5,327,330,330.5,331,332,332.5
1683680403566965615,329,328.5,328,327.5,327,330,330.5,331,332,332.5
1683680403566965615,329,328.5,328,327.5,327,330,330.5,331,332,332.5
1683680403672038615,329,328.5,328,327.5,327,330,330.5,331,332,332.5
1683680403672038615,329,328.5,328,327.5,327,330,330.5,331,332,332.5
1683680403672038615,329,328.5,328,327.5,327,330,330.5,331,332,332.5
1683680403672038615,329,328.5,328,327.5,327,330,330.5,331,332,332.5
1683680403672213905,329,328.5,328,327.5,327,330,330.5,331,332,332.5
1683680403672213905,329,328.5,328,327.5,327,330,330.5,331,332,332.5
1683680403672213905,329,328.5,328,327.5,327,330,330.5,331,332,332.5
1683680403672213905,329,328.5,328,327.5,327,330,330.5,331,332,332.5
1683680403672213905,329,328.5,328,327.5,327,330,330.5,331,332,332.5
1683680403672298904,329,328.5,328,327.5,327,330,330.5,331,332,332.5
1683680403775593756,329,328.5,328,327.5,327,330,330.5,331,332,332.5
1683680403775593756,329,328.5,328,327.5,327,330,330.5,331,332,332.5
1683680403775703061,329,328.5,328,327.5,327,330,330.5,331,332,332.5
1683680403775703061,329,328.5,328,327.5,327,330,330.5,331,332,332.5
1683680403775703061,329,328.5,328,327.5,327,330,330.5,331,332,332.5
1683680403775703061,329,328.5,328,327.5,327,330,330.5,331,332,332.5
1683680403775703061,329,328.5,328,327.5,327,330,330.5,331,332,332.5
1683680403775811405,329,328.5,328,327.5,327,330,330.5,331,332,332.5
1683680403775811405,329,328.5,328,327.5,327,330,330.5,331,332,332.5
1683680403775811405,329,328.5,328,327.5,327,330,330.5,331,332,332.5
1683680403870876403,329,328.5,328,327.5,327,330,330.5,331,332,332.5
1683680403870876403,329,328.5,328,327.5,327,330,330.5,331,332,332.5
1683680403870876403,329,328.5,328,327.5,327,330,330.5,331,332,332.5
1683680403870876403,329,328.5,328,327.5,327,330,330.5,331,332,332.5
1683680403870983374,329,328.5,328,327.5,327,330,330.5,331,332,332.5
1683680403870983374,329,328.5,328,327.5,327,330,330.5,331,332,332.5
1683680403870983374,329,328.5,328,327.5,327,330,330.5,331,332,332.5
1683680403870983374,329,328.5,328,327.5,327,330,330.5,331,332,332.5
1683680403870983374,329,328.5,328,327.5,327,330,330.5,331,332,332.5
1683680403871007920,329,328.5,328,327.5,327,330,330.5,331,332,332.5
1683680403968218117,329,328.5,328,327.5,327,330,330.5,331,332,332.5
1683680403968218117,329,328.5,328,327.5,327,330,330.5,331,332,332.5
1683680403968218117,329,328.5,328,327.5,327,330,330.5,331,332,332.5
1683680403968218117,329,328.5,328,327.5,327,330,330.5,331,332,332.5
1683680403968271908,329,328.5,328,327.5,327,330,330.5,331,332,332.5
1683680403968271908,329,328.5,328,327.5,327,330,330.5,331,332,332.5
1683680403968271908,329,328.5,328,327.5,327,330,330.5,331,332,332.5
1683680403968271908,329,328.5,328,327.5,327,330,330.5,331,332,332.5
1683680403968271908,329,328.5,328,327.5,327,330,330.5,331,332,332.5
1683680403968286576,329,328.5,328,327.5,327,330,330.5,331,332,332.5
1683680404074899999,329,328.5,328,327.5,327,330,330.5,331,332,332.5
1683680404074899999,329,328.5,328,327.5,327,330,330.5,331,332,332.5
1683680404074899999,329,328.5,328,327.5,327,330,330.5,331,332,332.5
1683680404074899999,329,328.5,328,327.5,327,330,330.5,331,332,332.5
1683680404075007100,329,328.5,328,327.5,327,330,330.5,331,332,332.5
1683680404075007100,329,328.5,328,327.5,327,330,330.5,331,332,332.5
1683680404075007100,329,328.5,328,327.5,327,330,330.5,331,332,332.5
1683680404075007100,329,328.5,328,327.5,327,330,330.5,331,332,332.5
1683680404075007100,329,328.5,328,327.5,327,330,330.5,331,332,332.5
1683680404075119200,329,328.5,328,327.5,327,330,330.5,331,332,332.5
1683680404167359556,329,328.5,328,327.5,327,330,330.5,331,332,332.5
1683680404167359556,329,328.5,328,327.5,327,330,330.5,331,332,332.5
1683680404167359556,329,328.5,328,327.5,327,330,330.5,331,332,332.5
1683680404167359556,329,328.5,328,327.5,327,330,330.5,331,332,332.5
1683680404167468080,329,328.5,328,327.5,327,330,330.5,331,332,332.5
1683680404167468080,329,328.5,328,327.5,327,330,330.5,331,332,332.5
1683680404167468080,329,328.5,328,327.5,327,330,330.5,331,332,332.5
1683680404167468080,329,328.5,328,327.5,327,330,330.5,331,332,332.5
1683680404167468080,329,328.5,328,327.5,327,330,330.5,331,332,332.5
1683680404167579859,329,328.5,328,327.5,327,330,330.5,331,332,332.5
1683680404269177935,329,328.5,328,327.5,327,330,330.5,331,332,332.5
1683680404269177935,329,328.5,328,327.5,327,330,330.5,331,332,332.5
1683680404269231686,329,328.5,328,327.5,327,330,330.5,331,332,332.5
1683680404269231686,329,328.5,328,327.5,327,330,330.5,331,332,332.5
1683680404269231686,329,328.5,328,327.5,327,330,330.5,331,332,332.5
1683680404269231686,329,328.5,328,327.5,327,330,330.5,331,332,332.5
1683680404269231686,329,328.5,328,327.5,327,330,330.5,331,332,332.5
1683680404269265490,329,328.5,328,327.5,327,330,330.5,331,332,332.5
1683680404269265490,329,328.5,328,327.5,327,330,330.5,331,332,332.5
1683680404269265490,329,328.5,328,327.5,327,330,330.5,331,332,332.5
1683680404377761477,329,328.5,328,327.5,327,330,330.5,331,332,332.5
1683680404377761477,329,328.5,328,327.5,327,330,330.5,331,332,332.5
1683680404377761477,329,328.5,328,327.5,327,330,330.5,331,332,332.5
1683680404377761477,329,328.5,328,327.5,327,330,330.5,331,332,332.5
1683680404377761477,329,328.5,328,327.5,327,330,330.5,331,332,332.5
1683680404377868308,329,328.5,328,327.5,327,330,330.5,331,332,332.5
1683680404377868308,329,328.5,328,327.5,327,330,330.5,331,332,332.5
1683680404377868308,329,328.5,328,327.5,327,330,330.5,331,332,332.5
1683680404377868308,329,328.5,328,327.5,327,330,330.5,331,332,332.5
1683680404377868308,329,328.5,328,327.5,327,330,330.5,331,332,332.5
1683680404475077713,329,328.5,328,327.5,327,330,330.5,331,332,332.5
1683680404475077713,329,328.5,328,327.5,327,330,330.5,331,332,332.5
1683680404475077713,329,328.5,328,327.5,327,330,330.5,331,332,332.5
1683680404475077713,329,328.5,328,327.5,327,330,330.5,331,332,332.5
1683680404475183011,329,328.5,328,327.5,327,330,330.5,331,332,332.5
1683680404475183011,329,328.5,328,327.5,327,330,330.5,331,332,332.5
1683680404475183011,329,328.5,328,327.5,327,330,330.5,331,332,332.5
1683680404475183011,329,328.5,328,327.5,327,330,330.5,331,332,332.5
1683680404475183011,329,328.5,328,327.5,327,330,330.5,331,332,332.5
1683680404475207667,329,328.5,328,327.5,327,330,330.5,331,332,332.5
1683680404572347392,329,328.5,328,327.5,327,330,330.5,331,332,332.5
1683680404572347392,329,328.5,328,327.5,327,330,330.5,331,332,332.5
1683680404572455064,329,328.5,328,327.5,327,330,330.5,331,332,332.5
1683680404572455064,329,328.5,328,327.5,327,330,330.5,331,332,332.5
1683680404572455064,329,328.5,328,327.5,327,330,330.5,331,332,332.5
1683680404572455064,329,328.5,328,327.5,327,330,330.5,331,332,332.5
1683680404572455064,329,328.5,328,327.5,327,330,330.5,331,332,332.5
1683680404572490591,329,328.5,328,327.5,327,330,330.5,331,332,332.5
1683680404572490591,329,328.5,328,327.5,327,330,330.5,331,332,332.5
1683680404572490591,329,328.5,328,327.5,327,330,330.5,331,332,332.5
1683680404678819139,329,328.5,328,327.5,327,330,330.5,331,332,332.5
1683680404678819139,329,328.5,328,327.5,327,330,330.5,331,332,332.5
1683680404678819139,329,328.5,328,327.5,327,330,330.5,331,332,332.5
1683680404678819139,329,328.5,328,327.5,327,330,330.5,331,332,332.5
1683680404679107490,329,328.5,328,327.5,327,330,330.5,331,332,332.5
1683680404679107490,329,328.5,328,327.5,327,330,330.5,331,332,332.5
1683680404679107490,329,328.5,328,327.5,327,330,330.5,331,332,332.5
1683680404679107490,329,328.5,328,327.5,327,330,330.5,331,332,332.5
1683680404679107490,329,328.5,328,327.5,327,330,330.5,331,332,332.5
1683680404679223067,329,328.5,328,327.5,327,330,330.5,331,332,332.5
1683680404777512521,329,328.5,328,327.5,327,330,330.5,331,332,332.5
1683680404777512521,329,328.5,328,327.5,327,330,330.5,331,332,332.5
1683680404777512521,329,328.5,328,327.5,327,330,330.5,331,332,332.5
1683680404777512521,329,328.5,328,327.5,327,330,330.5,331,332,332.5
1683680404777566692,329,328.5,328,327.5,327,330,330.5,331,332,332.5
1683680404777566692,329,328.5,328,327.5,327,330,330.5,331,332,332.5
1683680404777566692,329,328.5,328,327.5,327,330,330.5,331,332,332.5
1683680404777566692,329,328.5,328,327.5,327,330,330.5,331,332,332.5
1683680404777659547,329,328.5,328,327.5,327,330,330.5,331,332,332.5
1683680404777659547,329,328.5,328,327.5,327,330,330.5,331,332,332.5
1683680404883607730,329,328.5,328,327.5,327,330,330.5,331,332,332.5
1683680404883607730,329,328.5,328,327.5,327,330,330.5,331,332,332.5
1683680404883607730,329,328.5,328,327.5,327,330,330.5,331,332,332.5
1683680404883607730,329,328.5,328,327.5,327,330,330.5,331,332,332.5
1683680404883661652,329,328.5,328,327.5,327,330,330.5,331,332,332.5
1683680404883661652,329,328.5,328,327.5,327,330,330.5,331,332,332.5
1683680404883661652,329,328.5,328,327.5,327,330,330.5,331,332,332.5
1683680404883661652,329,328.5,328,327.5,327,330,330.5,331,332,332.5
1683680404883661652,329,328.5,328,327.5,327,330,330.5,331,332,332.5
1683680404883725351,329,328.5,328,327.5,327,330,330.5,331,332,332.5
1683680404972629593,329,328.5,328,327.5,327,330,330.5,331,332,332.5
1683680404972629593,329,328.5,328,327.5,327,330,330.5,331,332,332.5
1683680404972629593,329,328.5,328,327.5,327,330,330.5,331,332,332.5
1683680404972629593,329,328.5,328,327.5,327,330,330.5,331,332,332.5
1683680404972629593,329,328.5,328,327.5,327,330,330.5,331,332,332.5
1683680404972736744,329,328.5,328,327.5,327,330,330.5,331,332,332.5
1683680404972736744,329,328.5,328,327.5,327,330,330.5,331,332,332.5
1683680404972736744,329,328.5,328,327.5,327,330,330.5,331,332,332.5
1683680404972736744,329,328.5,328,327.5,327,330,330.5,331,332,332.5
1683680404972736744,329,328.5,328,327.5,327,330,330.5,331,332,332.5
1683680405073076527,329,328.5,328,327.5,327,330,330.5,331,332,332.5
1683680405073076527,329,328.5,328,327.5,327,330,330.5,331,332,332.5
1683680405073076527,329,328.5,328,327.5,327,330,330.5,331,332,332.5
1683680405073076527,329,328.5,328,327.5,327,330,330.5,331,332,332.5
1683680405073076527,329,328.5,328,327.5,327,330,330.5,331,332,332.5
1683680405073129837,329,328.5,328,327.5,327,330,330.5,331,332,332.5
1683680405073129837,329,328.5,328,327.5,327,330,330.5,331,332,332.5
1683680405073129837,329,328.5,328,327.5,327,330,330.5,331,332,332.5
1683680405073129837,329,328.5,328,327.5,327,330,330.5,331,332,332.5
1683680405073129837,329,328.5,328,327.5,327,330,330.5,331,332,332.5
1683680405104781047,329,328.5,328,327.5,327,330,330.5,331,332,332.5
1683680405104781047,329,328.5,328,327.5,327,330,330.5,331,332,332.5
1683680405104834367,329,328.5,328,327.5,327,330,330.5,331,332,332.5
1683680405104834367,329,328.5,328,327.5,327,330,330.5,331,332,332.5
1683680405104834367,329,328.5,328,327.5,327,330,330.5,331,332,332.5
1683680405169058277,329,328.5,328,327.5,327,330,330.5,331,332,332.5
1683680405180714975,329,328.5,328,327.5,327,330,330.5,331,332,332.5
1683680405180714975,329,328.5,328,327.5,327,330,330.5,331,332,332.5
1683680405180714975,329,328.5,328,327.5,327,330,330.5,331,332,332.5
1683680405180714975,329,328.5,328,327.5,327,330,330.5,331,332,332.5
1683680405180768585,329,328.5,328,327.5,327,330,330.5,331,332,332.5
1683680405180768585,329,328.5,328,327.5,327,330,330.5,331,332,332.5
1683680405180768585,329,328.5,328,327.5,327,330,330.5,331,332,332.5
1683680405180768585,329,328.5,328,327.5,327,330,330.5,331,332,332.5
1683680405180768585,329,328.5,328,327.5,327,330,330.5,331,332,332.5
1683680405180823609,329,328.5,328,327.5,327,330,330.5,331,332,332.5
1683680405286084722,329,328.5,328,327.5,327,330,330.5,331,332,332.5
1683680405286084722,329,328.5,328,327.5,327,330,330.5,331,332,332.5
1683680405286084722,329,328.5,328,327.5,327,330,330.5,331,332,332.5
1683680405286084722,329,328.5,328,327.5,327,330,330.5,331,332,332.5
1683680405286084722,329,328.5,328,327.5,327,330,330.5,331,332,332.5
1683680405286202093,329,328.5,328,327.5,327,330,330.5,331,332,332.5
1683680405286202093,329,328.5,328,327.5,327,330,330.5,331,332,332.5
1683680405286202093,329,328.5,328,327.5,327,330,330.5,331,332,332.5
1683680405286202093,329,328.5,328,327.5,327,330,330.5,331,332,332.5
1683680405286202093,329,328.5,328,327.5,327,330,330.5,331,332,332.5
1683680405374170436,329,328.5,328,327.5,327,330,330.5,331,332,332.5
1683680405374170436,329,328.5,328,327.5,327,330,330.5,331,332,332.5
1683680405374278780,329,328.5,328,327.5,327,330,330.5,331,332,332.5
1683680405374278780,329,328.5,328,327.5,327,330,330.5,331,332,332.5
1683680405374278780,329,328.5,328,327.5,327,330,330.5,331,332,332.5
1683680405374278780,329,328.5,328,327.5,327,330,330.5,331,332,332.5
1683680405374278780,329,328.5,328,327.5,327,330,330.5,331,332,332.5
1683680405374386372,329,328.5,328,327.5,327,330,330.5,331,332,332.5
1683680405374386372,329,328.5,328,327.5,327,330,330.5,331,332,332.5
1683680405374386372,329,328.5,328,327.5,327,330,330.5,331,332,332.5
1683680405477526814,329,328.5,328,327.5,327,330,330.5,331,332,332.5
1683680405477526814,329,328.5,328,327.5,327,330,330.5,331,332,332.5
1683680405477526814,329,328.5,328,327.5,327,330,330.5,331,332,332.5
1683680405477526814,329,328.5,328,327.5,327,330,330.5,331,332,332.5
1683680405477582148,329,328.5,328,327.5,327,330,330.5,331,332,332.5
1683680405477582148,329,328.5,328,327.5,327,330,330.5,331,332,332.5
1683680405477582148,329,328.5,328,327.5,327,330,330.5,331,332,332.5
1683680405477582148,329,328.5,328,327.5,327,330,330.5,331,332,332.5
1683680405477582148,329,328.5,328,327.5,327,330,330.5,331,332,332.5
1683680405477606373,329,328.5,328,327.5,327,330,330.5,331,332,332.5
1683680405578872536,329,328.5,328,327.5,327,330,330.5,331,332,332.5
1683680405578872536,329,328.5,328,327.5,327,330,330.5,331,332,332.5
1683680405578872536,329,328.5,328,327.5,327,330,330.5,331,332,332.5
1683680405578981230,329,328.5,328,327.5,327,330,330.5,331,332,332.5
1683680405578981230,329,328.5,328,327.5,327,330,330.5,331,332,332.5
1683680405578981230,329,328.5,328,327.5,327,330,330.5,331,332,332.5
1683680405578981230,329,328.5,328,327.5,327,330,330.5,331,332,332.5
1683680405578981230,329,328.5,328,327.5,327,330,330.5,331,332,332.5
1683680405579059777,329,328.5,328,327.5,327,330,330.5,331,332,332.5
1683680405579059777,329,328.5,328,327.5,327,330,330.5,331,332,332.5
1683680405681351636,329,328.5,328,327.5,327,330,330.5,331,332,332.5
1683680405681351636,329,328.5,328,327.5,327,330,330.5,331,332,332.5
1683680405681351636,329,328.5,328,327.5,327,330,330.5,331,332,332.5
1683680405681351636,329,328.5,328,327.5,327,330,330.5,331,332,332.5
1683680405681458286,329,328.5,328,327.5,327,330,330.5,331,332,332.5
1683680405681458286,329,328.5,328,327.5,327,330,330.5,331,332,332.5
1683680405681458286,329,328.5,328,327.5,327,330,330.5,331,332,332.5
1683680405681458286,329,328.5,328,327.5,327,330,330.5,331,332,332.5
1683680405681458286,329,328.5,328,327.5,327,330,330.5,331,332,332.5
1683680405681483233,329,328.5,328,327.5,327,330,330.5,331,332,332.5
1683680405780708033,329,328.5,328,327.5,327,330,330.5,331,332,332.5
1683680405780708033,329,328.5,328,327.5,327,330,330.5,331,332,332.5
1683680405780708033,329,328.5,328,327.5,327,330,330.5,331,332,332.5
1683680405780708033,329,328.5,328,327.5,327,330,330.5,331,332,332.5
1683680405780815995,329,328.5,328,327.5,327,330,330.5,331,332,332.5
1683680405780815995,329,328.5,328,327.5,327,330,330.5,331,332,332.5
1683680405780815995,329,328.5,328,327.5,327,330,330.5,331,332,332.5
1683680405780815995,329,328.5,328,327.5,327,330,330.5,331,332,332.5
1683680405780815995,329,328.5,328,327.5,327,330,330.5,331,332,332.5
1683680405780926513,329,328.5,328,327.5,327,330,330.5,331,332,332.5
1683680405877973233,329,328.5,328,327.5,327,330,330.5,331,332,332.5
1683680405877973233,329,328.5,328,327.5,327,330,330.5,331,332,332.5
1683680405877973233,329,328.5,328,327.5,327,330,330.5,331,332,332.5
1683680405877973233,329,328.5,328,327.5,327,330,330.5,331,332,332.5
1683680405878079222,329,328.5,328,327.5,327,330,330.5,331,332,332.5
1683680405878079222,329,328.5,328,327.5,327,330,330.5,331,332,332.5
1683680405878079222,329,328.5,328,327.5,327,330,330.5,331,332,332.5
1683680405878079222,329,328.5,328,327.5,327,330,330.5,331,332,332.5
1683680405878079222,329,328.5,328,327.5,327,330,330.5,331,332,332.5
1683680405878104359,329,328.5,328,327.5,327,330,330.5,331,332,332.5
1683680405930197011,329,328.5,328,327.5,327,330,330.5,331,332,332.5
1683680405973195367,329,328.5,328,327.5,327,330,330.5,331,332,332.5
1683680405973195367,329,328.5,328,327.5,327,330,330.5,331,332,332.5
1683680405973195367,329,328.5,328,327.5,327,330,330.5,331,332,332.5
1683680405973301226,329,328.5,328,327.5,327,330,330.5,331,332,332.5
1683680405973301226,329,328.5,328,327.5,327,330,330.5,331,332,332.5
1683680405973301226,329,328.5,328,327.5,327,330,330.5,331,332,332.5
1683680405973301226,329,328.5,328,327.5,327,330,330.5,331,332,332.5
1683680405973301226,329,328.5,328,327.5,327,330,330.5,331,332,332.5
1683680405973410050,329,328.5,328,327.5,327,330,330.5,331,332,332.5
1683680405973410050,329,328.5,328,327.5,327,330,330.5,331,332,332.5
1683680406082809664,329,328.5,328,327.5,327,330,330.5,331,332,332.5
1683680406082809664,329,328.5,328,327.5,327,330,330.5,331,332,332.5
1683680406082809664,329,328.5,328,327.5,327,330,330.5,331,332,332.5
1683680406082809664,329,328.5,328,327.5,327,330,330.5,331,332,332.5
1683680406082974684,329,328.5,328,327.5,327,330,330.5,331,332,332.5
1683680406082974684,329,328.5,328,327.5,327,330,330.5,331,332,332.5
1683680406082974684,329,328.5,328,327.5,327,330,330.5,331,332,332.5
1683680406082974684,329,328.5,328,327.5,327,330,330.5,331,332,332.5
1683680406083030339,329,328.5,328,327.5,327,330,330.5,331,332,332.5
1683680406083030339,329,328.5,328,327.5,327,330,330.5,331,332,332.5
1683680406178112630,329,328.5,328,327.5,327,330,330.5,331,332,332.5
1683680406178112630,329,328.5,328,327.5,327,330,330.5,331,332,332.5
1683680406178112630,329,328.5,328,327.5,327,330,330.5,331,332,332.5
1683680406178112630,329,328.5,328,327.5,327,330,330.5,331,332,332.5
1683680406178167744,329,328.5,328,327.5,327,330,330.5,331,332,332.5
1683680406178167744,329,328.5,328,327.5,327,330,330.5,331,332,332.5
1683680406178167744,329,328.5,328,327.5,327,330,330.5,331,332,332.5
1683680406178167744,329,328.5,328,327.5,327,330,330.5,331,332,332.5
1683680406178167744,329,328.5,328,327.5,327,330,330.5,331,332,332.5
1683680406178249978,329,328.5,328,327.5,327,330,330.5,331,332,332.5
1683680406282118637,329,328.5,328,327.5,327,330,330.5,331,332,332.5
1683680406282118637,329,328.5,328,327.5,327,330,330.5,331,332,332.5
1683680406282118637,329,328.5,328,327.5,327,330,330.5,331,332,332.5
1683680406282118637,329,328.5,328,327.5,327,330,330.5,331,332,332.5
1683680406282118637,329,328.5,328,327.5,327,330,330.5,331,332,332.5
1683680406282198096,329,328.5,328,327.5,327,330,330.5,331,332,332.5
1683680406282198096,329,328.5,328,327.5,327,330,330.5,331,332,332.5
1683680406282198096,329,328.5,328,327.5,327,330,330.5,331,332,332.5
1683680406282198096,329,328.5,328,327.5,327,330,330.5,331,332,332.5
1683680406282198096,329,328.5,328,327.5,327,330,330.5,331,332,332.5
1683680406377393851,329,328.5,328,327.5,327,330,330.5,331,332,332.5
1683680406377393851,329,328.5,328,327.5,327,330,330.5,331,332,332.5
1683680406377393851,329,328.5,328,327.5,327,330,330.5,331,332,332.5
1683680406377393851,329,328.5,328,327.5,327,330,330.5,331,332,332.5
1683680406377512143,329,328.5,328,327.5,327,330,330.5,331,332,332.5
1683680406377512143,329,328.5,328,327.5,327,330,330.5,331,332,332.5
1683680406377512143,329,328.5,328,327.5,327,330,330.5,331,332,332.5
1683680406377512143,329,328.5,328,327.5,327,330,330.5,331,332,332.5
1683680406377619314,329,328.5,328,327.5,327,330,330.5,331,332,332.5
1683680406377619314,329,328.5,328,327.5,327,330,330.5,331,332,332.5
1683680406481105165,329,328.5,328,327.5,327,330,330.5,331,332,332.5
1683680406481105165,329,328.5,328,327.5,327,330,330.5,331,332,332.5
1683680406481215342,329,328.5,328,327.5,327,330,330.5,331,332,332.5
1683680406481215342,329,328.5,328,327.5,327,330,330.5,331,332,332.5
1683680406481215342,329,328.5,328,327.5,327,330,330.5,331,332,332.5
1683680406481215342,329,328.5,328,327.5,327,330,330.5,331,332,332.5
1683680406481215342,329,328.5,328,327.5,327,330,330.5,331,332,332.5
1683680406481320840,329,328.5,328,327.5,327,330,330.5,331,332,332.5
1683680406481320840,329,328.5,328,327.5,327,330,330.5,331,332,332.5
1683680406481320840,329,328.5,328,327.5,327,330,330.5,331,332,332.5
1683680406503901548,329.5,329,328.5,328,327.5,330,330.5,331,332,332.5
1683680406536380633,329.5,329,328.5,328,327.5,330,330.5,331,332,332.5
1683680406569354817,329.5,329,328.5,328,327.5,330,330.5,331,332,332.5
1683680406581467320,329.5,329,328.5,328,327.5,330,330.5,331,332,332.5
1683680406581467320,329.5,329,328.5,328,327.5,330,330.5,331,332,332.5
1683680406581467320,329.5,329,328.5,328,327.5,330,330.5,331,332,332.5
1683680406581521001,329.5,329,328.5,328,327.5,330,330.5,331,332,332.5
1683680406581521001,329.5,329,328.5,328,327.5,330,330.5,331,332,332.5
1683680406581521001,329.5,329,328.5,328,327.5,330,330.5,331,332,332.5
1683680406581521001,329.5,329,328.5,328,327.5,330,330.5,331,332,332.5
1683680406581521001,329.5,329,328.5,328,327.5,330,330.5,331,332,332.5
1683680406581575082,329.5,329,328.5,328,327.5,330,330.5,331,332,332.5
1683680406581575082,329.5,329,328.5,328,327.5,330,330.5,331,332,332.5
1683680406679734561,329.5,329,328.5,328,327.5,330,330.5,331,332,332.5
1683680406679734561,329.5,329,328.5,328,327.5,330,330.5,331,332,332.5
1683680406679734561,329.5,329,328.5,328,327.5,330,330.5,331,332,332.5
1683680406679734561,329.5,329,328.5,328,327.5,330,330.5,331,332,332.5
1683680406679843296,329.5,329,328.5,328,327.5,330,330.5,331,332,332.5
1683680406679843296,329.5,329,328.5,328,327.5,330,330.5,331,332,332.5
1683680406679843296,329.5,329,328.5,328,327.5,330,330.5,331,332,332.5
1683680406679843296,329.5,329,328.5,328,327.5,330,330.5,331,332,332.5
1683680406679843296,329.5,329,328.5,328,327.5,330,330.5,331,332,332.5
1683680406679868623,329.5,329,328.5,328,327.5,330,330.5,331,332,332.5
1683680406777010662,329.5,329,328.5,328,327.5,330,330.5,331,332,332.5
1683680406777137901,329.5,329,328.5,328,327.5,330,330.5,331,332,332.5
1683680406777137901,329.5,329,328.5,328,327.5,330,330.5,331,332,332.5
1683680406777137901,329.5,329,328.5,328,327.5,330,330.5,331,332,332.5
1683680406777137901,329.5,329,328.5,328,327.5,330,330.5,331,332,332.5
1683680406777137901,329.5,329,328.5,328,327.5,330,330.5,331,332,332.5
1683680406777244461,329.5,329,328.5,328,327.5,330,330.5,331,332,332.5
1683680406777244461,329.5,329,328.5,328,327.5,330,330.5,331,332,332.5
1683680406777244461,329.5,329,328.5,328,327.5,330,330.5,331,332,332.5
1683680406777244461,329.5,329,328.5,328,327.5,330,330.5,331,332,332.5
1683680406883559965,329.5,329,328.5,328,327.5,330,330.5,331,332,332.5
1683680406883559965,329.5,329,328.5,328,327.5,330,330.5,331,332,332.5
1683680406883559965,329.5,329,328.5,328,327.5,330,330.5,331,332,332.5
1683680406883559965,329.5,329,328.5,328,327.5,330,330.5,331,332,332.5
1683680406883559965,329.5,329,328.5,328,327.5,330,330.5,331,332,332.5
1683680406883668158,329.5,329,328.5,328,327.5,330,330.5,331,332,332.5
1683680406883668158,329.5,329,328.5,328,327.5,330,330.5,331,332,332.5
1683680406883668158,329.5,329,328.5,328,327.5,330,330.5,331,332,332.5
1683680406883668158,329.5,329,328.5,328,327.5,330,330.5,331,332,332.5
1683680406883668158,329.5,329,328.5,328,327.5,330,330.5,331,332,332.5
1683680406971492371,329.5,329,328.5,328,327.5,330,330.5,331,332,332.5
1683680406971492371,329.5,329,328.5,328,327.5,330,330.5,331,332,332.5
1683680406971492371,329.5,329,328.5,328,327.5,330,330.5,331,332,332.5
1683680406971492371,329.5,329,328.5,328,327.5,330,330.5,331,332,332.5
1683680406971492371,329.5,329,328.5,328,327.5,330,330.5,331,332,332.5
1683680406971609882,329.5,329,328.5,328,327.5,330,330.5,331,332,332.5
1683680406971609882,329.5,329,328.5,328,327.5,330,330.5,331,332,332.5
1683680406971609882,329.5,329,328.5,328,327.5,330,330.5,331,332,332.5
1683680406971609882,329.5,329,328.5,328,327.5,330,330.5,331,332,332.5
1683680406971609882,329.5,329,328.5,328,327.5,330,330.5,331,332,332.5
1683680406991895732,329.5,329,328.5,328,327.5,330,330.5,331,332,332.5
1683680407079666985,329.5,329,328.5,328,327.5,330,330.5,331,332,332.5
1683680407079666985,329.5,329,328.5,328,327.5,330,330.5,331,332,332.5
1683680407079666985,329.5,329,328.5,328,327.5,330,330.5,331,332,332.5
1683680407079721338,329.5,329,328.5,328,327.5,330,330.5,331,332,332.5
1683680407079721338,329.5,329,328.5,328,327.5,330,330.5,331,332,332.5
1683680407079721338,329.5,329,328.5,328,327.5,330,330.5,331,332,332.5
1683680407079721338,329.5,329,328.5,328,327.5,330,330.5,331,332,332.5
1683680407079721338,329.5,329,328.5,328,327.5,330,330.5,331,332,332.5
1683680407079797701,329.5,329,328.5,328,327.5,330,330.5,331,332,332.5
1683680407079797701,329.5,329,328.5,328,327.5,330,330.5,331,332,332.5
1683680407187721454,329.5,329,328.5,328,327.5,330,330.5,331,332,332.5
1683680407187721454,329.5,329,328.5,328,327.5,330,330.5,331,332,332.5
1683680407187721454,329.5,329,328.5,328,327.5,330,330.5,331,332,332.5
1683680407187721454,329.5,329,328.5,328,327.5,330,330.5,331,332,332.5
1683680407187721454,329.5,329,328.5,328,327.5,330,330.5,331,332,332.5
1683680407187828074,329.5,329,328.5,328,327.5,330,330.5,331,332,332.5
1683680407187828074,329.5,329,328.5,328,327.5,330,330.5,331,332,332.5
1683680407187828074,329.5,329,328.5,328,327.5,330,330.5,331,332,332.5
1683680407187828074,329.5,329,328.5,328,327.5,330,330.5,331,332,332.5
1683680407187828074,329.5,329,328.5,328,327.5,330,330.5,331,332,332.5
1683680407276310213,329.5,329,328.5,328,327.5,330,330.5,331,332,332.5
1683680407276310213,329.5,329,328.5,328,327.5,330,330.5,331,332,332.5
1683680407276310213,329.5,329,328.5,328,327.5,330,330.5,331,332,332.5
1683680407276310213,329.5,329,328.5,328,327.5,330,330.5,331,332,332.5
1683680407276310213,329.5,329,328.5,328,327.5,330,330.5,331,332,332.5
1683680407276363834,329.5,329,328.5,328,327.5,330,330.5,331,332,332.5
1683680407276363834,329.5,329,328.5,328,327.5,330,330.5,331,332,332.5
1683680407276363834,329.5,329,328.5,328,327.5,330,330.5,331,332,332.5
1683680407276363834,329.5,329,328.5,328,327.5,330,330.5,331,332,332.5
1683680407276363834,329.5,329,328.5,328,327.5,330,330.5,331,332,332.5
1683680407369006084,329.5,329,328.5,328,327.5,330,330.5,331,332,332.5
1683680407369006084,329.5,329,328.5,328,327.5,330,330.5,331,332,332.5
1683680407369132571,329.5,329,328.5,328,327.5,330,330.5,331,332,332.5
1683680407369132571,329.5,329,328.5,328,327.5,330,330.5,331,332,332.5
1683680407369132571,329.5,329,328.5,328,327.5,330,330.5,331,332,332.5
1683680407369132571,329.5,329,328.5,328,327.5,330,330.5,331,332,332.5
1683680407369132571,329.5,329,328.5,328,327.5,330,330.5,331,332,332.5
1683680407369242928,329.5,329,328.5,328,327.5,330,330.5,331,332,332.5
1683680407369242928,329.5,329,328.5,328,327.5,330,330.5,331,332,332.5
1683680407369242928,329.5,329,328.5,328,327.5,330,330.5,331,332,332.5
1683680407473487463,329.5,329,328.5,328,327.5,330,330.5,331,332,332.5
1683680407473487463,329.5,329,328.5,328,327.5,330,330.5,331,332,332.5
1683680407473487463,329.5,329,328.5,328,327.5,330,330.5,331,332,332.5
1683680407473487463,329.5,329,328.5,328,327.5,330,330.5,331,332,332.5
1683680407473487463,329.5,329,328.5,328,327.5,330,330.5,331,332,332.5
1683680407473541334,329.5,329,328.5,328,327.5,330,330.5,331,332,332.5
1683680407473541334,329.5,329,328.5,328,327.5,330,330.5,331,332,332.5
1683680407473541334,329.5,329,328.5,328,327.5,330,330.5,331,332,332.5
1683680407473541334,329.5,329,328.5,328,327.5,330,330.5,331,332,332.5
1683680407473541334,329.5,329,328.5,328,327.5,330,330.5,331,332,332.5
1683680407496146439,329.5,329,328.5,328,327.5,330,330.5,331,332,332.5
1683680407527678585,329.5,329,328.5,328,327.5,330,330.5,331,332,332.5
1683680407569662476,329.5,329,328.5,328,327.5,330,330.5,331,332,332.5
1683680407569662476,329.5,329,328.5,328,327.5,330,330.5,331,332,332.5
1683680407569662476,329.5,329,328.5,328,327.5,330,330.5,331,332,332.5
1683680407569662476,329.5,329,328.5,328,327.5,330,330.5,331,332,332.5
1683680407569662476,329.5,329,328.5,328,327.5,330,330.5,331,332,332.5
1683680407569713843,329.5,329,328.5,328,327.5,330,330.5,331,332,332.5
1683680407569713843,329.5,329,328.5,328,327.5,330,330.5,331,332,332.5
1683680407569713843,329.5,329,328.5,328,327.5,330,330.5,331,332,332.5
1683680407569713843,329.5,329,328.5,328,327.5,330,330.5,331,332,332.5
1683680407569713843,329.5,329,328.5,328,327.5,330,330.5,331,332,332.5
1683680407680726736,329.5,329,328.5,328,327.5,330,330.5,331,332,332.5
1683680407680726736,329.5,329,328.5,328,327.5,330,330.5,331,332,332.5
1683680407680726736,329.5,329,328.5,328,327.5,330,330.5,331,332,332.5
1683680407680726736,329.5,329,328.5,328,327.5,330,330.5,331,332,332.5
1683680407680780527,329.5,329,328.5,328,327.5,330,330.5,331,332,332.5
1683680407680780527,329.5,329,328.5,328,327.5,330,330.5,331,332,332.5
1683680407680780527,329.5,329,328.5,328,327.5,330,330.5,331,332,332.5
1683680407680780527,329.5,329,328.5,328,327.5,330,330.5,331,332,332.5
1683680407680780527,329.5,329,328.5,328,327.5,330,330.5,331,332,332.5
1683680407680840330,329.5,329,328.5,328,327.5,330,330.5,331,332,332.5
1683680407769311458,329.5,329,328.5,328,327.5,330,330.5,331,332,332.5
1683680407769311458,329.5,329,328.5,328,327.5,330,330.5,331,332,332.5
1683680407769311458,329.5,329,328.5,328,327.5,330,330.5,331,332,332.5
1683680407769474484,329.5,329,328.5,328,327.5,330,330.5,331,332,332.5
1683680407769474484,329.5,329,328.5,328,327.5,330,330.5,331,332,332.5
1683680407769474484,329.5,329,328.5,328,327.5,330,330.5,331,332,332.5
1683680407769474484,329.5,329,328.5,328,327.5,330,330.5,331,332,332.5
1683680407769474484,329.5,329,328.5,328,327.5,330,330.5,331,332,332.5
1683680407769599278,329.5,329,328.5,328,327.5,330,330.5,331,332,332.5
1683680407769599278,329.5,329,328.5,328,327.5,330,330.5,331,332,332.5
1683680407779540645,329.5,329,328.5,328,327.5,330,330.5,331,332,332.5
1683680407876982557,329.5,329,328.5,328,327.5,330,330.5,331,332,332.5
1683680407876982557,329.5,329,328.5,328,327.5,330,330.5,331,332,332.5
1683680407876982557,329.5,329,328.5,328,327.5,330,330.5,331,332,332.5
1683680407876982557,329.5,329,328.5,328,327.5,330,330.5,331,332,332.5
1683680407876982557,329.5,329,328.5,328,327.5,330,330.5,331,332,332.5
1683680407877036358,329.5,329,328.5,328,327.5,330,330.5,331,332,332.5
1683680407877036358,329.5,329,328.5,328,327.5,330,330.5,331,332,332.5
1683680407877036358,329.5,329,328.5,328,327.5,330,330.5,331,332,332.5
1683680407877036358,329.5,329,328.5,328,327.5,330,330.5,331,332,332.5
1683680407877036358,329.5,329,328.5,328,327.5,330,330.5,331,332,332.5
1683680407978345932,329.5,329,328.5,328,327.5,330,330.5,331,332,332.5
1683680407978345932,329.5,329,328.5,328,327.5,330,330.5,331,332,332.5
1683680407978345932,329.5,329,328.5,328,327.5,330,330.5,331,332,332.5
1683680407978345932,329.5,329,328.5,328,327.5,330,330.5,331,332,332.5
1683680407978423597,329.5,329,328.5,328,327.5,330,330.5,331,332,332.5
1683680407978423597,329.5,329,328.5,328,327.5,330,330.5,331,332,332.5
1683680407978423597,329.5,329,328.5,328,327.5,330,330.5,331,332,332.5
1683680407978423597,329.5,329,328.5,328,327.5,330,330.5,331,332,332.5
1683680407978423597,329.5,329,328.5,328,327.5,330,330.5,331,332,332.5
1683680407978478561,329.5,329,328.5,328,327.5,330,330.5,331,332,332.5
1683680408053286724,329.5,329,328.5,328,327.5,330,330.5,331,332,332.5
1683680408074469659,329.5,329,328.5,328,327.5,330,330.5,331,332,332.5
1683680408074469659,329.5,329,328.5,328,327.5,330,330.5,331,332,332.5
1683680408074614000,329.5,329,328.5,328,327.5,330,330.5,331,332,332.5
1683680408074614000,329.5,329,328.5,328,327.5,330,330.5,331,332,332.5
1683680408074614000,329.5,329,328.5,328,327.5,330,330.5,331,332,332.5
1683680408074614000,329.5,329,328.5,328,327.5,330,330.5,331,332,332.5
1683680408074614000,329.5,329,328.5,328,327.5,330,330.5,331,332,332.5
1683680408074647272,329.5,329,328.5,328,327.5,330,330.5,331,332,332.5
1683680408074647272,329.5,329,328.5,328,327.5,330,330.5,331,332,332.5
1683680408074647272,329.5,329,328.5,328,327.5,330,330.5,331,332,332.5
1683680408109882141,329.5,329,328.5,328,327.5,330,330.5,331,332,332.5
1683680408173758378,329.5,329,328.5,328,327.5,330,330.5,331,332,332.5
1683680408173758378,329.5,329,328.5,328,327.5,330,330.5,331,332,332.5
1683680408173758378,329.5,329,328.5,328,327.5,330,330.5,331,332,332.5
1683680408173758378,329.5,329,328.5,328,327.5,330,330.5,331,332,332.5
1683680408173899864,329.5,329,328.5,328,327.5,330,330.5,331,332,332.5
1683680408173899864,329.5,329,328.5,328,327.5,330,330.5,331,332,332.5
1683680408173899864,329.5,329,328.5,328,327.5,330,330.5,331,332,332.5
1683680408173899864,329.5,329,328.5,328,327.5,330,330.5,331,332,332.5
1683680408173899864,329.5,329,328.5,328,327.5,330,330.5,331,332,332.5
1683680408173934058,329.5,329,328.5,328,327.5,330,330.5,331,332,332.5
1683680408215641400,329.5,329,328.5,328,327.5,330,330.5,331,332,332.5
1683680408262096376,329.5,329,328.5,328,327.5,330,330.5,331,332,332.5
1683680408270124230,329.5,329,328.5,328,327.5,330,330.5,331,332,332.5
1683680408270124230,329.5,329,328.5,328,327.5,330,330.5,331,332,332.5
1683680408270124230,329.5,329,328.5,328,327.5,330,330.5,331,332,332.5
1683680408270124230,329.5,329,328.5,328,327.5,330,330.5,331,332,332.5
1683680408270243564,329.5,329,328.5,328,327.5,330,330.5,331,332,332.5
1683680408270243564,329.5,329,328.5,328,327.5,330,330.5,331,332,332.5
1683680408270243564,329.5,329,328.5,328,327.5,330,330.5,331,332,332.5
1683680408270243564,329.5,329,328.5,328,327.5,330,330.5,331,332,332.5
1683680408270243564,329.5,329,328.5,328,327.5,330,330.5,331,332,332.5
1683680408270258061,329.5,329,328.5,328,327.5,330,330.5,331,332,332.5
1683680408377572200,329.5,329,328.5,328,327.5,330,330.5,331,332,332.5
1683680408377572200,329.5,329,328.5,328,327.5,330,330.5,331,332,332.5
1683680408377572200,329.5,329,328.5,328,327.5,330,330.5,331,332,332.5
1683680408377572200,329.5,329,328.5,328,327.5,330,330.5,331,332,332.5
1683680408377572200,329.5,329,328.5,328,327.5,330,330.5,331,332,332.5
1683680408377626702,329.5,329,328.5,328,327.5,330,330.5,331,332,332.5
1683680408377626702,329.5,329,328.5,328,327.5,330,330.5,331,332,332.5
1683680408377626702,329.5,329,328.5,328,327.5,330,330.5,331,332,332.5
1683680408377626702,329.5,329,328.5,328,327.5,330,330.5,331,332,332.5
1683680408377626702,329.5,329,328.5,328,327.5,330,330.5,331,332,332.5
1683680408420438848,329.5,329,328.5,328,327.5,330.5,331,332,332.5,333
1683680408473817916,329.5,329,328.5,328,327.5,330.5,331,332,332.5,333
1683680408473925848,329.5,329,328.5,328,327.5,330.5,331,332,332.5,333
1683680408473925848,329.5,329,328.5,328,327.5,330.5,331,332,332.5,333
1683680408473925848,329.5,329,328.5,328,327.5,330.5,331,332,332.5,333
1683680408473925848,329.5,329,328.5,328,327.5,330.5,331,332,332.5,333
1683680408473925848,329.5,329,328.5,328,327.5,330.5,331,332,332.5,333
1683680408473979699,329.5,329,328.5,328,327.5,330.5,331,332,332.5,333
1683680408473979699,329.5,329,328.5,328,327.5,330.5,331,332,332.5,333
1683680408473979699,329.5,329,328.5,328,327.5,330.5,331,332,332.5,333
1683680408473979699,329.5,329,328.5,328,327.5,330.5,331,332,332.5,333
1683680408509076379,330,329.5,329,328.5,328,330.5,331,332,332.5,333
1683680408541516630,330,329.5,329,328.5,328,330.5,331,332,332.5,333
1683680408579471276,330,329.5,329,328.5,328,330.5,331,332,332.5,333
1683680408579577816,330,329.5,329,328.5,328,330.5,331,332,332.5,333
1683680408579577816,330,329.5,329,328.5,328,330.5,331,332,332.5,333
1683680408579577816,330,329.5,329,328.5,328,330.5,331,332,332.5,333
1683680408579686690,330,329.5,329,328.5,328,330.5,331,332,332.5,333
1683680408579686690,330,329.5,329,328.5,328,330.5,331,332,332.5,333
1683680408579686690,330,329.5,329,328.5,328,330.5,331,332,332.5,333
1683680408579686690,330,329.5,329,328.5,328,330.5,331,332,332.5,333
1683680408579686690,330,329.5,329,328.5,328,330.5,331,332,332.5,333
1683680408579711858,330,329.5,329,328.5,328,330.5,331,332,332.5,333
1683680408579711858,330,329.5,329,328.5,328,330.5,331,332,332.5,333
1683680408606977803,330,329.5,329,328.5,328,330.5,331,332,332.5,333
1683680408638591363,330,329.5,329,328.5,328,330.5,331,332,332.5,333
1683680408672448064,330,329.5,329,328.5,328,330.5,331,332,332.5,333
1683680408672448064,330,329.5,329,328.5,328,330.5,331,332,332.5,333
1683680408672448064,330,329.5,329,328.5,328,330.5,331,332,332.5,333
1683680408672500953,330,329.5,329,328.5,328,330.5,331,332,332.5,333
1683680408672500953,330,329.5,329,328.5,328,330.5,331,332,332.5,333
1683680408672500953,330,329.5,329,328.5,328,330.5,331,332,332.5,333
1683680408672500953,330,329.5,329,328.5,328,330.5,331,332,332.5,333
1683680408672500953,330,329.5,329,328.5,328,330.5,331,332,332.5,333
1683680408672554975,330,329.5,329,328.5,328,330.5,331,332,332.5,333
1683680408672554975,330,329.5,329,328.5,328,330.5,331,332,332.5,333
1683680408776915918,330,329.5,329,328.5,328,330.5,331,332,332.5,333
1683680408776915918,330,329.5,329,328.5,328,330.5,331,332,332.5,333
1683680408777023931,330,329.5,329,328.5,328,330.5,331,332,332.5,333
1683680408777023931,330,329.5,329,328.5,328,330.5,331,332,332.5,333
1683680408777023931,330,329.5,329,328.5,328,330.5,331,332,332.5,333
1683680408777023931,330,329.5,329,328.5,328,330.5,331,332,332.5,333
1683680408777023931,330,329.5,329,328.5,328,330.5,331,332,332.5,333
1683680408777068234,330,329.5,329,328.5,328,330.5,331,332,332.5,333
1683680408777068234,330,329.5,329,328.5,328,330.5,331,332,332.5,333
1683680408777068234,330,329.5,329,328.5,328,330.5,331,332,332.5,333
1683680408873245351,330,329.5,329,328.5,328,330.5,331,332,332.5,333
1683680408873245351,330,329.5,329,328.5,328,330.5,331,332,332.5,333
1683680408873245351,330,329.5,329,328.5,328,330.5,331,332,332.5,333
1683680408873245351,330,329.5,329,328.5,328,330.5,331,332,332.5,333
1683680408873245351,330,329.5,329,328.5,328,330.5,331,332,332.5,333
1683680408873353334,330,329.5,329,328.5,328,330.5,331,332,332.5,333
1683680408873353334,330,329.5,329,328.5,328,330.5,331,332,332.5,333
1683680408873353334,330,329.5,329,328.5,328,330.5,331,332,332.5,333
1683680408873353334,330,329.5,329,328.5,328,330.5,331,332,332.5,333
1683680408873353334,330,329.5,329,328.5,328,330.5,331,332,332.5,333
1683680408937722186,330,329.5,329,328.5,328,330.5,331,332,332.5,333
1683680408970560275,330,329.5,329,328.5,328,330.5,331,332,332.5,333
1683680408970560275,330,329.5,329,328.5,328,330.5,331,332,332.5,333
1683680408970560275,330,329.5,329,328.5,328,330.5,331,332,332.5,333
1683680408970668959,330,329.5,329,328.5,328,330.5,331,332,332.5,333
1683680408970668959,330,329.5,329,328.5,328,330.5,331,332,332.5,333
1683680408970668959,330,329.5,329,328.5,328,330.5,331,332,332.5,333
1683680408970668959,330,329.5,329,328.5,328,330.5,331,332,332.5,333
1683680408970668959,330,329.5,329,328.5,328,330.5,331,332,332.5,333
1683680408970696871,330,329.5,329,328.5,328,330.5,331,332,332.5,333
1683680408970696871,330,329.5,329,328.5,328,330.5,331,332,332.5,333
1683680409013822937,330,329.5,329,328.5,328,330.5,331,332,332.5,333
1683680409038261013,330,329.5,329,328.5,328,330.5,331,332,332.5,333
1683680409038261013,330,329.5,329,328.5,328,331,332,332.5,333,333.5
1683680409069711106,330,329.5,329,328.5,328,331,332,332.5,333,333.5
1683680409069711106,330,329.5,329,328.5,328,331,332,332.5,333,333.5
1683680409069764756,330,329.5,329,328.5,328,331,332,332.5,333,333.5
1683680409069764756,330,329.5,329,328.5,328,331,332,332.5,333,333.5
1683680409069764756,330,329.5,329,328.5,328,331,332,332.5,333,333.5
1683680409069764756,330,329.5,329,328.5,328,331,332,332.5,333,333.5
1683680409069764756,330,329.5,329,328.5,328,331,332,332.5,333,333.5
1683680409069872459,330,329.5,329,328.5,328,331,332,332.5,333,333.5
1683680409069872459,330,329.5,329,328.5,328,331,332,332.5,333,333.5
1683680409069872459,330,329.5,329,328.5,328,331,332,332.5,333,333.5
1683680409178867664,330,329.5,329,328.5,328,331,332,332.5,333,333.5
1683680409178867664,330,329.5,329,328.5,328,331,332,332.5,333,333.5
1683680409178867664,330,329.5,329,328.5,328,331,332,332.5,333,333.5
1683680409178867664,330,329.5,329,328.5,328,331,332,332.5,333,333.5
1683680409178867664,330,329.5,329,328.5,328,331,332,332.5,333,333.5
1683680409178975165,330,329.5,329,328.5,328,331,332,332.5,333,333.5
1683680409178975165,330,329.5,329,328.5,328,331,332,332.5,333,333.5
1683680409178975165,330,329.5,329,328.5,328,331,332,332.5,333,333.5
1683680409178975165,330,329.5,329,328.5,328,331,332,332.5,333,333.5
1683680409178975165,330,329.5,329,328.5,328,331,332,332.5,333,333.5
1683680409200883251,330,329.5,329,328.5,328,331,332,332.5,333,333.5
1683680409234658279,330,329.5,329,328.5,328,331,332,332.5,333,333.5
1683680409277686781,330,329.5,329,328.5,328,331,332,332.5,333,333.5
1683680409277686781,330,329.5,329,328.5,328,331,332,332.5,333,333.5
1683680409277686781,330,329.5,329,328.5,328,331,332,332.5,333,333.5
1683680409277686781,330,329.5,329,328.5,328,331,332,332.5,333,333.5
1683680409277794343,330,329.5,329,328.5,328,331,332,332.5,333,333.5
1683680409277794343,330,329.5,329,328.5,328,331,332,332.5,333,333.5
1683680409277794343,330,329.5,329,328.5,328,331,332,332.5,333,333.5
1683680409277794343,330,329.5,329,328.5,328,331,332,332.5,333,333.5
1683680409277794343,330,329.5,329,328.5,328,331,332,332.5,333,333.5
1683680409277877399,330,329.5,329,328.5,328,331,332,332.5,333,333.5
1683680409375348977,330,329.5,329,328.5,328,331,332,332.5,333,333.5
1683680409375348977,330,329.5,329,328.5,328,331,332,332.5,333,333.5
1683680409375348977,330,329.5,329,328.5,328,331,332,332.5,333,333.5
1683680409375456830,330,329.5,329,328.5,328,331,332,332.5,333,333.5
1683680409375456830,330,329.5,329,328.5,328,331,332,332.5,333,333.5
1683680409385154108,330,329.5,329,328.5,328,331,332,332.5,333,333.5
1683680409385154108,330,329.5,329,328.5,328,331,332,332.5,333,333.5
1683680409385154108,330,329.5,329,328.5,328,331,332,332.5,333,333.5
1683680409385154108,330,329.5,329,328.5,328,331,332,332.5,333,333.5
1683680409385154108,330,329.5,329,328.5,328,331,332,332.5,333,333.5
1683680409471425586,330,329.5,329,328.5,328,331,332,332.5,333,333.5
1683680409471425586,330,329.5,329,328.5,328,331,332,332.5,333,333.5
1683680409471425586,330,329.5,329,328.5,328,331,332,332.5,333,333.5
1683680409471484546,330,329.5,329,328.5,328,331,332,332.5,333,333.5
1683680409471484546,330,329.5,329,328.5,328,331,332,332.5,333,333.5
1683680409471484546,330,329.5,329,328.5,328,331,332,332.5,333,333.5
1683680409471484546,330,329.5,329,328.5,328,331,332,332.5,333,333.5
1683680409471484546,330,329.5,329,328.5,328,331,332,332.5,333,333.5
1683680409471525233,330,329.5,329,328.5,328,331,332,332.5,333,333.5
1683680409471525233,330,329.5,329,328.5,328,331,332,332.5,333,333.5
1683680409577811311,330,329.5,329,328.5,328,331,332,332.5,333,333.5
1683680409577811311,330,329.5,329,328.5,328,331,332,332.5,333,333.5
1683680409577811311,330,329.5,329,328.5,328,331,332,332.5,333,333.5
1683680409577811311,330,329.5,329,328.5,328,331,332,332.5,333,333.5
1683680409577811311,330,329.5,329,328.5,328,331,332,332.5,333,333.5
1683680409577918432,330,329.5,329,328.5,328,331,332,332.5,333,333.5
1683680409577918432,330,329.5,329,328.5,328,331,332,332.5,333,333.5
1683680409577918432,330,329.5,329,328.5,328,331,332,332.5,333,333.5
1683680409577918432,330,329.5,329,328.5,328,331,332,332.5,333,333.5
1683680409577918432,330,329.5,329,328.5,328,331,332,332.5,333,333.5
1683680409683200064,330,329.5,329,328.5,328,331,332,332.5,333,333.5
1683680409683200064,330,329.5,329,328.5,328,331,332,332.5,333,333.5
1683680409683200064,330,329.5,329,328.5,328,331,332,332.5,333,333.5
1683680409683305252,330,329.5,329,328.5,328,331,332,332.5,333,333.5
1683680409683305252,330,329.5,329,328.5,328,331,332,332.5,333,333.5
1683680409683305252,330,329.5,329,328.5,328,331,332,332.5,333,333.5
1683680409683305252,330,329.5,329,328.5,328,331,332,332.5,333,333.5
1683680409683305252,330,329.5,329,328.5,328,331,332,332.5,333,333.5
1683680409683432050,330,329.5,329,328.5,328,331,332,332.5,333,333.5
1683680409683432050,330,329.5,329,328.5,328,331,332,332.5,333,333.5
1683680409758327698,330,329.5,329,328.5,328,331,332,332.5,333,333.5
1683680409779102576,330,329.5,329,328.5,328,331,332,332.5,333,333.5
1683680409779102576,330,329.5,329,328.5,328,331,332,332.5,333,333.5
1683680409779102576,330,329.5,329,328.5,328,331,332,332.5,333,333.5
1683680409779218093,330,329.5,329,328.5,328,331,332,332.5,333,333.5
1683680409779218093,330,329.5,329,328.5,328,331,332,332.5,333,333.5
1683680409779218093,330,329.5,329,328.5,328,331,332,332.5,333,333.5
1683680409779218093,330,329.5,329,328.5,328,331,332,332.5,333,333.5
1683680409779218093,330,329.5,329,328.5,328,331,332,332.5,333,333.5
1683680409779264049,330,329.5,329,328.5,328,331,332,332.5,333,333.5
1683680409779264049,330,329.5,329,328.5,328,331,332,332.5,333,333.5
1683680409800902358,330,329.5,329,328.5,328,332,332.5,333,333.5,334
1683680409836958098,330.5,330,329.5,329,328.5,332,332.5,333,333.5,334
1683680409875388437,330.5,330,329.5,329,328.5,332,332.5,333,333.5,334
1683680409875481482,330.5,330,329.5,329,328.5,332,332.5,333,333.5,334
1683680409875609673,330.5,330,329.5,329,328.5,332,332.5,333,333.5,334
1683680409875609673,330.5,330,329.5,329,328.5,332,332.5,333,333.5,334
1683680409875609673,330.5,330,329.5,329,328.5,332,332.5,333,333.5,334
1683680409875609673,330.5,330,329.5,329,328.5,332,332.5,333,333.5,334
1683680409875738585,330.5,330,329.5,329,328.5,332,332.5,333,333.5,334
1683680409875738585,330.5,330,329.5,329,328.5,332,332.5,333,333.5,334
1683680409875738585,330.5,330,329.5,329,328.5,332,332.5,333,333.5,334
1683680409875738585,330.5,330,329.5,329,328.5,332,332.5,333,333.5,334
1683680409875738585,330.5,330,329.5,329,328.5,332,332.5,333,333.5,334
1683680409875807905,330.5,330,329.5,329,328.5,332,332.5,333,333.5,334
1683680409881913148,330.5,330,329.5,329,328.5,332,332.5,333,333.5,334
1683680409881913148,330.5,330,329.5,329,328.5,332,332.5,333,333.5,334
1683680409906450591,330.5,330,329.5,329,328.5,332,332.5,333,333.5,334
1683680409979077349,330.5,330,329.5,329,328.5,332,332.5,333,333.5,334
1683680409979077349,330.5,330,329.5,329,328.5,332,332.5,333,333.5,334
1683680409979077349,330.5,330,329.5,329,328.5,332,332.5,333,333.5,334
1683680409979077349,330.5,330,329.5,329,328.5,332,332.5,333,333.5,334
1683680409979077349,330.5,330,329.5,329,328.5,332,332.5,333,333.5,334
1683680409979185472,330.5,330,329.5,329,328.5,332,332.5,333,333.5,334
1683680409979185472,330.5,330,329.5,329,328.5,332,332.5,333,333.5,334
1683680409979185472,330.5,330,329.5,329,328.5,332,332.5,333,333.5,334
1683680409979185472,330.5,330,329.5,329,328.5,332,332.5,333,333.5,334
1683680409979185472,330.5,330,329.5,329,328.5,332,332.5,333,333.5,334
1683680410079402414,330.5,330,329.5,329,328.5,332,332.5,333,333.5,334
1683680410079474850,330.5,330,329.5,329,328.5,332,332.5,333,333.5,334
1683680410079474850,330.5,330,329.5,329,328.5,332,332.5,333,333.5,334
1683680410079474850,330.5,330,329.5,329,328.5,332,332.5,333,333.5,334
1683680410079474850,330.5,330,329.5,329,328.5,332,332.5,333,333.5,334
1683680410079474850,330.5,330,329.5,329,328.5,332,332.5,333,333.5,334
1683680410079544341,330.5,330,329.5,329,328.5,332,332.5,333,333.5,334
1683680410079544341,330.5,330,329.5,329,328.5,332,332.5,333,333.5,334
1683680410079544341,330.5,330,329.5,329,328.5,332,332.5,333,333.5,334
1683680410079544341,330.5,330,329.5,329,328.5,332,332.5,333,333.5,334
1683680410180441150,330.5,330,329.5,329,328.5,332,332.5,333,333.5,334
1683680410180441150,330.5,330,329.5,329,328.5,332,332.5,333,333.5,334
1683680410180441150,330.5,330,329.5,329,328.5,332,332.5,333,333.5,334
1683680410180441150,330.5,330,329.5,329,328.5,332,332.5,333,333.5,334
1683680410180441150,330.5,330,329.5,329,328.5,332,332.5,333,333.5,334
1683680410180521781,330.5,330,329.5,329,328.5,332,332.5,333,333.5,334
1683680410180521781,330.5,330,329.5,329,328.5,332,332.5,333,333.5,334
1683680410180521781,330.5,330,329.5,329,328.5,332,332.5,333,333.5,334
1683680410180521781,330.5,330,329.5,329,328.5,332,332.5,333,333.5,334
1683680410180556747,330.5,330,329.5,329,328.5,332,332.5,333,333.5,334
1683680410269120178,330.5,330,329.5,329,328.5,332,332.5,333,333.5,334
1683680410269120178,330.5,330,329.5,329,328.5,332,332.5,333,333.5,334
1683680410269120178,330.5,330,329.5,329,328.5,332,332.5,333,333.5,334
1683680410269120178,330.5,330,329.5,329,328.5,332,332.5,333,333.5,334
1683680410269120178,330.5,330,329.5,329,328.5,332,332.5,333,333.5,334
1683680410269170373,330.5,330,329.5,329,328.5,332,332.5,333,333.5,334
1683680410269170373,330.5,330,329.5,329,328.5,332,332.5,333,333.5,334
1683680410269170373,330.5,330,329.5,329,328.5,332,332.5,333,333.5,334
1683680410269170373,330.5,330,329.5,329,328.5,332,332.5,333,333.5,334
1683680410269170373,330.5,330,329.5,329,328.5,332,332.5,333,333.5,334
1683680410325242256,330.5,330,329.5,329,328.5,332,332.5,333,333.5,334
1683680410379584542,330.5,330,329.5,329,328.5,332,332.5,333,333.5,334
1683680410379584542,330.5,330,329.5,329,328.5,332,332.5,333,333.5,334
1683680410379650255,330.5,330,329.5,329,328.5,332,332.5,333,333.5,334
1683680410379650255,330.5,330,329.5,329,328.5,332,332.5,333,333.5,334
1683680410379650255,330.5,330,329.5,329,328.5,332,332.5,333,333.5,334
1683680410379650255,330.5,330,329.5,329,328.5,332,332.5,333,333.5,334
1683680410379650255,330.5,330,329.5,329,328.5,332,332.5,333,333.5,334
1683680410379695190,330.5,330,329.5,329,328.5,332,332.5,333,333.5,334
1683680410379695190,330.5,330,329.5,329,328.5,332,332.5,333,333.5,334
1683680410379695190,330.5,330,329.5,329,328.5,332,332.5,333,333.5,334
1683680410476927789,330.5,330,329.5,329,328.5,332,332.5,333,333.5,334
1683680410476982181,330.5,330,329.5,329,328.5,332,332.5,333,333.5,334
1683680410476982181,330.5,330,329.5,329,328.5,332,332.5,333,333.5,334
1683680410476982181,330.5,330,329.5,329,328.5,332,332.5,333,333.5,334
1683680410476982181,330.5,330,329.5,329,328.5,332,332.5,333,333.5,334
1683680410476982181,330.5,330,329.5,329,328.5,332,332.5,333,333.5,334
1683680410477067872,330.5,330,329.5,329,328.5,332,332.5,333,333.5,334
1683680410477067872,330.5,330,329.5,329,328.5,332,332.5,333,333.5,334
1683680410477067872,330.5,330,329.5,329,328.5,332,332.5,333,333.5,334
1683680410477067872,330.5,330,329.5,329,328.5,332,332.5,333,333.5,334
1683680410580195710,330.5,330,329.5,329,328.5,332,332.5,333,333.5,334
1683680410580195710,330.5,330,329.5,329,328.5,332,332.5,333,333.5,334
1683680410580195710,330.5,330,329.5,329,328.5,332,332.5,333,333.5,334
1683680410580195710,330.5,330,329.5,329,328.5,332,332.5,333,333.5,334
1683680410580195710,330.5,330,329.5,329,328.5,332,332.5,333,333.5,334
1683680410580245413,330.5,330,329.5,329,328.5,332,332.5,333,333.5,334
1683680410580245413,330.5,330,329.5,329,328.5,332,332.5,333,333.5,334
1683680410580245413,330.5,330,329.5,329,328.5,332,332.5,333,333.5,334
1683680410580245413,330.5,330,329.5,329,328.5,332,332.5,333,333.5,334
1683680410580245413,330.5,330,329.5,329,328.5,332,332.5,333,333.5,334
1683680410680795391,330.5,330,329.5,329,328.5,332,332.5,333,333.5,334
1683680410680795391,330.5,330,329.5,329,328.5,332,332.5,333,333.5,334
1683680410680795391,330.5,330,329.5,329,328.5,332,332.5,333,333.5,334
1683680410680795391,330.5,330,329.5,329,328.5,332,332.5,333,333.5,334
1683680410680903043,330.5,330,329.5,329,328.5,332,332.5,333,333.5,334
1683680410680903043,330.5,330,329.5,329,328.5,332,332.5,333,333.5,334
1683680410680903043,330.5,330,329.5,329,328.5,332,332.5,333,333.5,334
1683680410680903043,330.5,330,329.5,329,328.5,332,332.5,333,333.5,334
1683680410680903043,330.5,330,329.5,329,328.5,332,332.5,333,333.5,334
1683680410681048216,330.5,330,329.5,329,328.5,332,332.5,333,333.5,334
1683680410773072435,330.5,330,329.5,329,328.5,332,332.5,333,333.5,334
1683680410773072435,330.5,330,329.5,329,328.5,332,332.5,333,333.5,334
1683680410773072435,330.5,330,329.5,329,328.5,332,332.5,333,333.5,334
1683680410773072435,330.5,330,329.5,329,328.5,332,332.5,333,333.5,334
1683680410773181931,330.5,330,329.5,329,328.5,332,332.5,333,333.5,334
1683680410773181931,330.5,330,329.5,329,328.5,332,332.5,333,333.5,334
1683680410773181931,330.5,330,329.5,329,328.5,332,332.5,333,333.5,334
1683680410773181931,330.5,330,329.5,329,328.5,332,332.5,333,333.5,334
1683680410773181931,330.5,330,329.5,329,328.5,332,332.5,333,333.5,334
1683680410773205876,330.5,330,329.5,329,328.5,332,332.5,333,333.5,334
1683680410783037596,330.5,330,329.5,329,328.5,332,332.5,333,333.5,334
1683680410878055527,330.5,330,329.5,329,328.5,332,332.5,333,333.5,334
1683680410878055527,330.5,330,329.5,329,328.5,332,332.5,333,333.5,334
1683680410878511623,330.5,330,329.5,329,328.5,332,332.5,333,333.5,334
1683680410878511623,330.5,330,329.5,329,328.5,332,332.5,333,333.5,334
1683680410878511623,330.5,330,329.5,329,328.5,332,332.5,333,333.5,334
1683680410878511623,330.5,330,329.5,329,328.5,332,332.5,333,333.5,334
1683680410878511623,330.5,330,329.5,329,328.5,332,332.5,333,333.5,334
1683680410879101982,330.5,330,329.5,329,328.5,332,332.5,333,333.5,334
1683680410879101982,330.5,330,329.5,329,328.5,332,332.5,333,333.5,334
1683680410879101982,330.5,330,329.5,329,328.5,332,332.5,333,333.5,334
1683680410985744980,330.5,330,329.5,329,328.5,332,332.5,333,333.5,334
1683680410985744980,330.5,330,329.5,329,328.5,332,332.5,333,333.5,334
1683680410985851170,330.5,330,329.5,329,328.5,332,332.5,333,333.5,334
1683680410985851170,330.5,330,329.5,329,328.5,332,332.5,333,333.5,334
1683680410985851170,330.5,330,329.5,329,328.5,332,332.5,333,333.5,334
1683680410985851170,330.5,330,329.5,329,328.5,332,332.5,333,333.5,334
1683680410985851170,330.5,330,329.5,329,328.5,332,332.5,333,333.5,334
1683680410985958842,330.5,330,329.5,329,328.5,332,332.5,333,333.5,334
1683680410985958842,330.5,330,329.5,329,328.5,332,332.5,333,333.5,334
1683680410985958842,330.5,330,329.5,329,328.5,332,332.5,333,333.5,334
1683680411008730208,330.5,330,329.5,329,328.5,332,332.5,333,333.5,334
1683680411045093456,330.5,330,329.5,329,328.5,332,332.5,333,333.5,334
1683680411046156111,330.5,330,329.5,329,328.5,332,332.5,333,333.5,334
1683680411082299125,330.5,330,329.5,329,328.5,332.5,333,333.5,334,334.5
1683680411082404633,330.5,330,329.5,329,328.5,332.5,333,333.5,334,334.5
1683680411082404633,330.5,330,329.5,329,328.5,332.5,333,333.5,334,334.5
1683680411082404633,330.5,330,329.5,329,328.5,332.5,333,333.5,334,334.5
1683680411082404633,330.5,330,329.5,329,328.5,332.5,333,333.5,334,334.5
1683680411082404633,330.5,330,329.5,329,328.5,332.5,333,333.5,334,334.5
1683680411082597125,330.5,330,329.5,329,328.5,332.5,333,333.5,334,334.5
1683680411082597125,330.5,330,329.5,329,328.5,332.5,333,333.5,334,334.5
1683680411082597125,330.5,330,329.5,329,328.5,332.5,333,333.5,334,334.5
1683680411082597125,330.5,330,329.5,329,328.5,332.5,333,333.5,334,334.5
1683680411082597125,330.5,330,329.5,329,328.5,332.5,333,333.5,334,334.5
1683680411173134663,330.5,330,329.5,329,328.5,332.5,333,333.5,334,334.5
1683680411173134663,330.5,330,329.5,329,328.5,332.5,333,333.5,334,334.5
1683680411173134663,330.5,330,329.5,329,328.5,332.5,333,333.5,334,334.5
1683680411173134663,330.5,330,329.5,329,328.5,332.5,333,333.5,334,334.5
1683680411173134663,330.5,330,329.5,329,328.5,332.5,333,333.5,334,334.5
1683680411173244038,330.5,330,329.5,329,328.5,332.5,333,333.5,334,334.5
1683680411173244038,330.5,330,329.5,329,328.5,332.5,333,333.5,334,334.5
1683680411173244038,330.5,330,329.5,329,328.5,332.5,333,333.5,334,334.5
1683680411173244038,330.5,330,329.5,329,328.5,332.5,333,333.5,334,334.5
1683680411173244038,330.5,330,329.5,329,328.5,332.5,333,333.5,334,334.5
1683680411274832987,330.5,330,329.5,329,328.5,332.5,333,333.5,334,334.5
1683680411274832987,330.5,330,329.5,329,328.5,332.5,333,333.5,334,334.5
1683680411275892606,330.5,330,329.5,329,328.5,332.5,333,333.5,334,334.5
1683680411275892606,330.5,330,329.5,329,328.5,332.5,333,333.5,334,334.5
1683680411275892606,330.5,330,329.5,329,328.5,332.5,333,333.5,334,334.5
1683680411275892606,330.5,330,329.5,329,328.5,332.5,333,333.5,334,334.5
1683680411275892606,330.5,330,329.5,329,328.5,332.5,333,333.5,334,334.5
1683680411277172910,330.5,330,329.5,329,328.5,332.5,333,333.5,334,334.5
1683680411277172910,330.5,330,329.5,329,328.5,332.5,333,333.5,334,334.5
1683680411277172910,330.5,330,329.5,329,328.5,332.5,333,333.5,334,334.5
1683680411367743320,330.5,330,329.5,329,328.5,332.5,333,333.5,334,334.5
1683680411367743320,330.5,330,329.5,329,328.5,332.5,333,333.5,334,334.5
1683680411367743320,330.5,330,329.5,329,328.5,332.5,333,333.5,334,334.5
1683680411367743320,330.5,330,329.5,329,328.5,332.5,333,333.5,334,334.5
1683680411367851183,330.5,330,329.5,329,328.5,332.5,333,333.5,334,334.5
1683680411367851183,330.5,330,329.5,329,328.5,332.5,333,333.5,334,334.5
1683680411367851183,330.5,330,329.5,329,328.5,332.5,333,333.5,334,334.5
1683680411367851183,330.5,330,329.5,329,328.5,332.5,333,333.5,334,334.5
1683680411367851183,330.5,330,329.5,329,328.5,332.5,333,333.5,334,334.5
1683680411367876560,330.5,330,329.5,329,328.5,332.5,333,333.5,334,334.5
1683680411433828916,330.5,330,329.5,329,328.5,332.5,333,333.5,334,334.5
1683680411474888441,330.5,330,329.5,329,328.5,332.5,333,333.5,334,334.5
1683680411474888441,330.5,330,329.5,329,328.5,332.5,333,333.5,334,334.5
1683680411474888441,330.5,330,329.5,329,328.5,332.5,333,333.5,334,334.5
1683680411474888441,330.5,330,329.5,329,328.5,332.5,333,333.5,334,334.5
1683680411474888441,330.5,330,329.5,329,328.5,332.5,333,333.5,334,334.5
1683680411475011492,330.5,330,329.5,329,328.5,332.5,333,333.5,334,334.5
1683680411475011492,330.5,330,329.5,329,328.5,332.5,333,333.5,334,334.5
1683680411475011492,330.5,330,329.5,329,328.5,332.5,333,333.5,334,334.5
1683680411475011492,330.5,330,329.5,329,328.5,332.5,333,333.5,334,334.5
1683680411475011492,330.5,330,329.5,329,328.5,332.5,333,333.5,334,334.5
1683680411570584365,330.5,330,329.5,329,328.5,332.5,333,333.5,334,334.5
1683680411570584365,330.5,330,329.5,329,328.5,332.5,333,333.5,334,334.5
1683680411570584365,330.5,330,329.5,329,328.5,332.5,333,333.5,334,334.5
1683680411570639719,330.5,330,329.5,329,328.5,332.5,333,333.5,334,334.5
1683680411570639719,330.5,330,329.5,329,328.5,332.5,333,333.5,334,334.5
1683680411570639719,330.5,330,329.5,329,328.5,332.5,333,333.5,334,334.5
1683680411570639719,330.5,330,329.5,329,328.5,332.5,333,333.5,334,334.5
1683680411570639719,330.5,330,329.5,329,328.5,332.5,333,333.5,334,334.5
1683680411570683882,330.5,330,329.5,329,328.5,332.5,333,333.5,334,334.5
1683680411570683882,330.5,330,329.5,329,328.5,332.5,333,333.5,334,334.5
1683680411594122421,330.5,330,329.5,329,328.5,332.5,333,333.5,334,334.5
1683680411669095505,330.5,330,329.5,329,328.5,332.5,333,333.5,334,334.5
1683680411669095505,330.5,330,329.5,329,328.5,332.5,333,333.5,334,334.5
1683680411669227983,330.5,330,329.5,329,328.5,332.5,333,333.5,334,334.5
1683680411669227983,330.5,330,329.5,329,328.5,332.5,333,333.5,334,334.5
1683680411669227983,330.5,330,329.5,329,328.5,332.5,333,333.5,334,334.5
1683680411669227983,330.5,330,329.5,329,328.5,332.5,333,333.5,334,334.5
1683680411669227983,330.5,330,329.5,329,328.5,332.5,333,333.5,334,334.5
1683680411669311410,330.5,330,329.5,329,328.5,332.5,333,333.5,334,334.5
1683680411669311410,330.5,330,329.5,329,328.5,332.5,333,333.5,334,334.5
1683680411669311410,330.5,330,329.5,329,328.5,332.5,333,333.5,334,334.5
1683680411679032012,330.5,330,329.5,329,328.5,332.5,333,333.5,334,334.5
1683680411689282920,330.5,330,329.5,329,328.5,332.5,333,333.5,334,334.5
1683680411699490816,330.5,330,329.5,329,328.5,332,332.5,333,333.5,334
1683680411711033960,330.5,330,329.5,329,328.5,332,332.5,333,333.5,334
1683680411729665103,330.5,330,329.5,329,328.5,332,332.5,333,333.5,334
1683680411772125028,330.5,330,329.5,329,328.5,332,332.5,333,333.5,334
1683680411772233071,330.5,330,329.5,329,328.5,332,332.5,333,333.5,334
1683680411772233071,330.5,330,329.5,329,328.5,332,332.5,333,333.5,334
1683680411772233071,330.5,330,329.5,329,328.5,332,332.5,333,333.5,334
1683680411772233071,330.5,330,329.5,329,328.5,332,332.5,333,333.5,334
1683680411772233071,330.5,330,329.5,329,328.5,332,332.5,333,333.5,334
1683680411772289547,330.5,330,329.5,329,328.5,332,332.5,333,333.5,334
1683680411772289547,330.5,330,329.5,329,328.5,332,332.5,333,333.5,334
1683680411772289547,330.5,330,329.5,329,328.5,332,332.5,333,333.5,334
1683680411772289547,330.5,330,329.5,329,328.5,332,332.5,333,333.5,334
1683680411876618891,330.5,330,329.5,329,328.5,332,332.5,333,333.5,334
1683680411876618891,330.5,330,329.5,329,328.5,332,332.5,333,333.5,334
1683680411876727215,330.5,330,329.5,329,328.5,332,332.5,333,333.5,334
1683680411876727215,330.5,330,329.5,329,328.5,332,332.5,333,333.5,334
1683680411876727215,330.5,330,329.5,329,328.5,332,332.5,333,333.5,334
1683680411876727215,330.5,330,329.5,329,328.5,332,332.5,333,333.5,334
1683680411876727215,330.5,330,329.5,329,328.5,332,332.5,333,333.5,334
1683680411876834987,330.5,330,329.5,329,328.5,332,332.5,333,333.5,334
1683680411876834987,330.5,330,329.5,329,328.5,332,332.5,333,333.5,334
1683680411876834987,330.5,330,329.5,329,328.5,332,332.5,333,333.5,334
1683680411975087221,330.5,330,329.5,329,328.5,332,332.5,333,333.5,334
1683680411975087221,330.5,330,329.5,329,328.5,332,332.5,333,333.5,334
1683680411975087221,330.5,330,329.5,329,328.5,332,332.5,333,333.5,334
1683680411975087221,330.5,330,329.5,329,328.5,332,332.5,333,333.5,334
1683680411975087221,330.5,330,329.5,329,328.5,332,332.5,333,333.5,334
1683680411975196025,330.5,330,329.5,329,328.5,332,332.5,333,333.5,334
1683680411975196025,330.5,330,329.5,329,328.5,332,332.5,333,333.5,334
1683680411975196025,330.5,330,329.5,329,328.5,332,332.5,333,333.5,334
1683680411975196025,330.5,330,329.5,329,328.5,332,332.5,333,333.5,334
1683680411975196025,330.5,330,329.5,329,328.5,332,332.5,333,333.5,334
1683680412050666702,330.5,330,329.5,329,328.5,332,332.5,333,333.5,334
1683680412073570388,330.5,330,329.5,329,328.5,332,332.5,333,333.5,334
1683680412073570388,330.5,330,329.5,329,328.5,332,332.5,333,333.5,334
1683680412073570388,330.5,330,329.5,329,328.5,332,332.5,333,333.5,334
1683680412073570388,330.5,330,329.5,329,328.5,332,332.5,333,333.5,334
1683680412073570388,330.5,330,329.5,329,328.5,332,332.5,333,333.5,334
1683680412073628206,330.5,330,329.5,329,328.5,332,332.5,333,333.5,334
1683680412073628206,330.5,330,329.5,329,328.5,332,332.5,333,333.5,334
1683680412073628206,330.5,330,329.5,329,328.5,332,332.5,333,333.5,334
1683680412073628206,330.5,330,329.5,329,328.5,332,332.5,333,333.5,334
1683680412073628206,330.5,330,329.5,329,328.5,332,332.5,333,333.5,334
1683680412172808703,330.5,330,329.5,329,328.5,332,332.5,333,333.5,334
1683680412172808703,330.5,330,329.5,329,328.5,332,332.5,333,333.5,334
1683680412172808703,330.5,330,329.5,329,328.5,332,332.5,333,333.5,334
1683680412172808703,330.5,330,329.5,329,328.5,332,332.5,333,333.5,334
1683680412172917447,330.5,330,329.5,329,328.5,332,332.5,333,333.5,334
1683680412172917447,330.5,330,329.5,329,328.5,332,332.5,333,333.5,334
1683680412172917447,330.5,330,329.5,329,328.5,332,332.5,333,333.5,334
1683680412172917447,330.5,330,329.5,329,328.5,332,332.5,333,333.5,334
1683680412172917447,330.5,330,329.5,329,328.5,332,332.5,333,333.5,334
1683680412172990414,330.5,330,329.5,329,328.5,332,332.5,333,333.5,334
1683680412284629423,330.5,330,329.5,329,328.5,332,332.5,333,333.5,334
1683680412284629423,330.5,330,329.5,329,328.5,332,332.5,333,333.5,334
1683680412284629423,330.5,330,329.5,329,328.5,332,332.5,333,333.5,334
1683680412284629423,330.5,330,329.5,329,328.5,332,332.5,333,333.5,334
1683680412284701078,330.5,330,329.5,329,328.5,332,332.5,333,333.5,334
1683680412284701078,330.5,330,329.5,329,328.5,332,332.5,333,333.5,334
1683680412284701078,330.5,330,329.5,329,328.5,332,332.5,333,333.5,334
1683680412284701078,330.5,330,329.5,329,328.5,332,332.5,333,333.5,334
1683680412284701078,330.5,330,329.5,329,328.5,332,332.5,333,333.5,334
1683680412284788241,330.5,330,329.5,329,328.5,332,332.5,333,333.5,334
1683680412294793237,331,330.5,330,329.5,329,332,332.5,333,333.5,334
1683680412318986844,331,330.5,330,329.5,329,332,332.5,333,333.5,334
1683680412318986844,331,330.5,330,329.5,329,332,332.5,333,333.5,334
1683680412350408373,331,330.5,330,329.5,329,332,332.5,333,333.5,334
1683680412372736528,331,330.5,330,329.5,329,332,332.5,333,333.5,334
1683680412372736528,331,330.5,330,329.5,329,332,332.5,333,333.5,334
1683680412372736528,331,330.5,330,329.5,329,332,332.5,333,333.5,334
1683680412372736528,331,330.5,330,329.5,329,332,332.5,333,333.5,334
1683680412372736528,331,330.5,330,329.5,329,332,332.5,333,333.5,334
1683680412372825394,331,330.5,330,329.5,329,332,332.5,333,333.5,334
1683680412372825394,331,330.5,330,329.5,329,332,332.5,333,333.5,334
1683680412372825394,331,330.5,330,329.5,329,332,332.5,333,333.5,334
1683680412372825394,331,330.5,330,329.5,329,332,332.5,333,333.5,334
