Timestamp,BidPrice0,BidPrice1,BidPrice2,BidPrice3,BidPrice4,AskPrice0,AskPrice1,AskPrice2,AskPrice3,AskPrice4
1683153019037427138,0,0,0,0,0,0,0,0,0,0
1683160219105912908,319,316,315.5,313,295,320.5,321.5,323,325.5,329.5
1683160224129857923,319,316,315.5,314.5,313,320.5,321.5,323,325.5,329.5
1683160229141382168,319,316,315.5,314.5,313,320.5,321.5,323,324.5,325.5
1683160234153881354,319,317,316,315.5,314.5,321.5,323,324.5,325.5,326
1683160239168389702,319,317,316,315.5,314.5,321.5,323,324.5,325.5,326
1683160244171777532,319,318,317,316,315.5,321.5,323,324.5,325.5,326
1683160254217278279,319,318.5,318,317,316.5,321.5,323,324.5,325.5,326
1683160259232868469,319,318.5,318,317,316.5,321.5,323,324.5,325,325.5
1683160264250629065,319,318.5,318,317,316.5,321.5,323,324.5,325,325.5
1683160269260127549,319,318.5,318,317,316.5,321.5,323,324.5,325,325.5
1683160274281794650,319,318.5,318,317,316.5,321.5,323,324.5,325,325.5
1683160279297548409,319,318.5,318,317,316.5,321.5,323,324.5,325,325.5
1683160284310940995,320,319,318.5,318,317,321.5,323,324.5,325,325.5
1683160299351588598,320,319,318.5,318,317,321.5,323,324.5,325,325.5
1683160304375390128,320,319,318.5,318,317,321.5,323,324.5,325,325.5
1683160319420136279,320,319,318.5,318,317,321.5,323,324.5,325,325.5
1683160374599968303,320,319,318.5,318,317,321.5,323,324.5,325,325.5
1683160409719410962,320,319,318.5,318,317,321.5,323,324.5,325,325.5
1683160479929634391,322,321.5,320,319,318.5,323,324.5,325,325.5,326
1683160494970392093,322,321.5,320,319,318.5,325,325.5,326,327,327.5
1683160535089075922,322,321.5,320,319,318.5,325,325.5,326,327,327.5
1683160540112883867,322,321.5,320,319,318.5,325,325.5,326,327,327.5
1683160545134739318,322,321.5,320,319,318.5,325,325.5,326,327,327.5
1683160580231662894,322,321.5,320,319,318.5,325,325.5,326,327,327.5
1683160595300899834,322,321.5,320,319,318.5,325,325.5,326,327,327.5
1683160605326016770,319,318.5,318,317,316.5,320.5,323,324.5,325,325.5
1683160610337593696,322,321.5,320,319,318.5,325,325.5,326,327,327.5
1683160620377094059,322,321.5,320,319,318.5,325,325.5,326,327,327.5
1683160695606980314,322,320,319,318.5,318,325,325.5,326,327,327.5
1683160700626530749,322,320,319,318.5,318,325.5,326,327,327.5,328
1683160720686872235,322,320,319,318.5,318,325,325.5,326,327,327.5
1683160755800406404,322,320,319,318.5,318,325,325.5,326,327,327.5
1683160760807682650,322,320,319,318.5,318,325,325.5,326,327,327.5
1683160791722755539,322,320,319,318.5,318,325,325.5,326,327,327.5
1683160806746930022,322,320,319,318.5,318,325,325.5,326,327,327.5
1683160831845606596,322,320,319,318.5,318,325,325.5,326,327,327.5
1683160856917199620,322,320,319,318.5,318,325,325.5,326,327,327.5
1683160866956816539,322,320,319,318.5,318,325,325.5,326,327,327.5
1683160882007551497,322,320,319,318.5,318,325,325.5,326,327,327.5
1683160902076321600,322,320,319,318.5,318,325,325.5,326,327,327.5
1683160907085703911,322,320,319,318.5,318,325,325.5,326,327,327.5
1683160977308211956,322,320,319,318.5,318,325,325.5,326,327,327.5
1683161022465163090,322,320,319,318.5,318,325,325.5,326,327,327.5
1683161027472433136,322,320,319,318.5,318,325,325.5,326,327,327.5
1683161072618147122,322,320,319,318.5,318,325,325.5,326,327,327.5
1683161082645249476,322,320,319,318.5,318,325,325.5,326,327,327.5
1683161102705588176,322,320,319,318.5,318,325,325.5,326,327,327.5
1683161112745133729,322,320,319,318.5,318,325,325.5,326,327,327.5
1683161117764750062,322,320,319,318.5,318,325,325.5,326,326.5,327
1683161127787815389,322,320,319,318.5,318,325,325.5,326,326.5,327
1683161137823055736,322,320,319,318.5,318,325,325.5,326,326.5,327
1683161167908562434,322,320,319,318.5,318,325,325.5,326,326.5,327
1683161177933671052,322,320,319.5,319,318.5,325,325.5,326,326.5,327
1683161208051743310,320,319.5,319,318.5,318,323,324.5,325,325.5,326
1683161218072788705,320,319.5,319,318.5,318,323,324.5,325,325.5,326
1683161223096617530,320,319.5,319,318.5,318,323,324.5,325,325.5,326
1683161248175680916,320,319.5,319,318.5,318,323,324.5,325,325.5,326
1683161253187043262,320,319,318.5,318,317,323,324.5,325,325.5,326
1683161258214995588,320,319,318.5,318,317,323,324.5,325,325.5,326
1683161263226649251,320,319,318.5,318,317,323,324.5,325,325.5,326
1683161268240112902,322,320,319,318.5,318,323,324.5,325,325.5,326
1683161273239190140,322.5,322,320,319,318.5,324.5,325,325.5,326,326.5
1683161293309898444,322.5,322,320,319,318.5,324.5,325,325.5,326,326.5
1683161338468763366,322.5,322,320,319,318.5,324.5,325,325.5,326,326.5
1683161343470105282,322.5,322,320,319,318.5,324.5,325,325.5,326,326.5
1683161348496062507,322.5,322,320,319,318.5,324.5,325,325.5,326,326.5
1683161358539463569,322.5,322,320,319,318.5,324.5,325,325.5,326,326.5
1683161378798473349,322.5,322,320,319,318.5,324.5,325,325.5,326,326.5
1683161399463046954,322.5,322,320,319,318.5,324.5,325,325.5,326,326.5
1683161419525341620,322.5,322,320,319,318.5,324.5,325,325.5,326,326.5
1683161429550587927,322.5,322,320,319,318.5,324.5,325,325.5,326,326.5
1683161449615127632,322.5,322,320,319,318.5,324.5,325,325.5,326,326.5
1683161469687619344,322.5,322,320,319,318.5,324.5,325,325.5,326,326.5
1683161479725192900,322.5,322,320,319,318.5,324.5,325,325.5,326,326.5
1683161539908205322,322.5,322,320,319,318.5,324.5,325,325.5,326,326.5
1683161554961186365,322.5,322,320,319,318.5,324.5,325,325.5,326,326.5
1683161570005892158,322.5,322,320,319,318.5,324.5,325,325.5,326,326.5
1683161580047487074,322.5,322,321.5,320,319,324.5,325,325.5,326,326.5
1683161590070397447,322.5,322,321.5,320,319,324.5,325,325.5,326,326.5
1683161600097512303,322.5,322,321.5,320,319,324.5,325,325.5,326,326.5
1683161610136921401,322.5,322,320,319,318.5,324.5,325,325.5,326,326.5
1683161615148428078,322.5,322,321.5,320,319,324.5,325,325.5,326,326.5
1683161635215134039,322.5,322,321.5,320,319,324.5,325,325.5,326,326.5
1683161650255825050,322.5,322,321.5,320,319,324.5,325,325.5,326,326.5
1683161660305355908,322.5,322,321.5,320,319,324.5,325,325.5,326,326.5
1683161675354224910,322.5,322,321.5,320,319,324.5,325,325.5,326,326.5
1683161685373171440,322.5,322,321.5,320,319,324.5,325,325.5,326,326.5
1683161690399009481,322.5,322,321.5,320,319,324.5,325,325.5,326,326.5
1683161700428179023,322.5,322,321.5,320,319,324.5,325,325.5,326,326.5
1683161705441825433,322.5,322,321.5,320,319,324.5,325,325.5,326,326.5
1683161725512416148,322.5,322,321.5,320,319,324.5,325,325.5,326,326.5
1683161735543430611,322.5,322,321.5,320,319,324.5,325,325.5,326,326.5
1683161765653532854,322.5,322,321.5,320,319,324.5,325,325.5,326,326.5
1683161780692106148,322.5,322,321.5,320,319,324.5,325,325.5,326,326.5
1683161785713952639,322.5,322,321.5,320,319,324.5,325,325.5,326,326.5
1683161800762824807,322.5,322,321.5,320,319,324.5,325,325.5,326,326.5
1683161810791968530,322.5,322,321.5,320,319,324.5,325,325.5,326,326.5
1683161815809534853,322.5,322,321.5,321,320,324.5,325,325.5,326,326.5
1683161830864592831,322.5,322,321.5,321,320,324.5,325,325.5,326,326.5
1683161835863908205,322.5,322,321.5,321,320,324.5,325,325.5,326,326.5
1683161840895823218,322.5,322,321.5,321,320,324.5,325,325.5,326,326.5
1683161845901224579,322.5,322,321.5,321,320,324.5,325,325.5,326,326.5
1683161855924147557,322.5,322,321.5,321,320,324.5,325,325.5,326,326.5
1683161860946001699,322.5,322,321.5,321,320,324,324.5,325,325.5,326
1683161865957271647,322.5,322,321.5,321,320,323,323.5,324,324.5,325
1683161870985314619,322.5,322,321.5,321,320,323,323.5,324,324.5,325
1683161876011127172,322.5,322,321.5,321,320,323,323.5,324,324.5,325
1683161891043681518,322.5,322,321.5,321,320,323,323.5,324,324.5,325
1683161896053152196,322.5,322,321.5,321,320,323,323.5,324,324.5,325
1683161921141441498,322.5,322,321.5,321,320.5,323,323.5,324,324.5,325
1683161926148841186,322.5,322,321.5,321,320.5,323,323.5,324,324.5,325
1683161931162468578,322.5,322,321.5,321,320.5,323,323.5,324,324.5,325
1683161936194454690,322.5,322,321.5,321,320.5,323,323.5,324,324.5,325
1683161941209899143,322,321.5,321,320.5,320,322.5,323,323.5,324,324.5
1683161946219491818,322.5,322,321.5,321,320.5,323,323.5,324,324.5,325
1683161951233084664,322.5,322,321.5,321,320.5,323,323.5,324,324.5,325
1683161956246601436,322.5,322,321.5,321,320.5,323,323.5,324,324.5,325
1683161961270377351,322.5,322,321.5,321,320.5,323,323.5,324,324.5,325
1683161966282027900,322.5,322,321.5,321,320.5,323,323.5,324,324.5,325
1683161971301776262,322.5,322,321.5,321,320.5,323,323.5,324,324.5,325
1683161976515941151,322.5,322,321.5,321,320.5,323,323.5,324,324.5,325
1683161981734231224,322.5,322,321.5,321,320.5,323,323.5,324,324.5,325
1683161992168947031,322.5,322,321.5,321,320.5,323,323.5,324,324.5,325
1683161997186879162,322.5,322,321.5,321,320.5,323,323.5,324,324.5,325
1683162019061138254,321.5,321,320.5,320,319,322,322.5,323,323.5,324
1683162019173223175,321.5,321,320.5,320,319,322,322.5,323,323.5,324
1683162019173223175,321.5,321,320.5,320,319,322,322.5,323,323.5,324
1683162019208698203,321,320.5,320,319,318.5,322,322.5,323,323.5,324
1683162019530639259,321,320.5,320,319,318.5,322,322.5,323,323.5,324
1683162019565147612,321,320.5,320,319,318.5,322,322.5,323,323.5,324
1683162019887166244,321,320.5,320,319,318.5,322,322.5,323,323.5,324
1683162020739574616,321,320.5,320,319,318.5,322,322.5,323,323.5,324
1683162022210504985,321,320.5,320,319,318.5,322,322.5,323,323.5,324
1683162022245376239,321,320.5,320,319,318.5,322,322.5,323,323.5,324
1683162022245484593,321,320.5,320,319,318.5,322,322.5,323,323.5,324
1683162022245484593,321,320.5,320,319,318.5,322,322.5,323,323.5,324
1683162022245484593,321,320.5,320,319,318.5,322,322.5,323,323.5,324
1683162022255393708,321,320.5,320,319,318.5,322,322.5,323,323.5,324
1683162022278485535,321,320.5,320,319,318.5,322,322.5,323,323.5,324
1683162022288475643,321,320.5,320,319,318.5,322,322.5,323,323.5,324
1683162023962891266,321,320.5,320,319,318.5,322,322.5,323,323.5,324
1683162024334166061,321.5,321,320.5,320,319,322,322.5,323,323.5,324
1683162024369895096,321.5,321,320.5,320,319,322,322.5,323,323.5,324
1683162024370002468,321,320.5,320,319,318.5,322,322.5,323,323.5,324
1683162024370114618,321,320.5,320,319,318.5,322,322.5,323,323.5,324
1683162024370114618,321,320.5,320,319,318.5,322,322.5,323,323.5,324
1683162024400527752,320.5,320,319,318.5,318,322,322.5,323,323.5,324
1683162024428759911,320.5,320,319,318.5,318,322,322.5,323,323.5,324
1683162028051102010,320.5,320,319,318.5,318,321,322,322.5,323,323.5
1683162028090768478,320,319,318.5,318,317,321,322,322.5,323,323.5
1683162028122940524,320,319,318.5,318,317,321,322,322.5,323,323.5
1683162028143496580,320,319,318.5,318,317,321,322,322.5,323,323.5
1683162028163951176,320,319,318.5,318,317,321,322,322.5,323,323.5
1683162028163951176,320,319,318.5,318,317,321,322,322.5,323,323.5
1683162028217192782,320,319,318.5,318,317,321,322,322.5,323,323.5
1683162028257105683,320,319,318.5,318,317,321,322,322.5,323,323.5
1683162028849038375,320,319,318.5,318,317,320.5,321,322,322.5,323
1683162030654485884,319,318.5,318,317,316.5,320.5,321,322,322.5,323
1683162030688046908,319,318.5,318,317,316.5,320.5,321,322,322.5,323
1683162030723552082,319,318.5,318,317,316.5,320.5,321,322,322.5,323
1683162030986368356,319,318.5,318,317,316.5,321,322,322.5,323,323.5
1683162031028220037,319,318.5,318,317,316.5,321,322,322.5,323,323.5
1683162031187516842,319,318.5,318,317,316.5,321,322,322.5,323,323.5
1683162031220873653,319,318.5,318,317,316.5,321,322,322.5,323,323.5
1683162033741157758,319,318.5,318,317,316.5,320,321,322,322.5,323
1683162033772514614,319,318.5,318,317,316.5,321,322,322.5,323,323.5
1683162034369552052,319,318.5,318,317,316.5,321,322,322.5,323,323.5
1683162035187262294,319,318.5,318,317,316.5,321,322,322.5,323,323.5
1683162035512658428,319,318.5,318,317,316.5,321,322,322.5,323,323.5
1683162035532831555,319,318.5,318,317,316.5,320.5,321,322,322.5,323
1683162035542958940,319,318.5,318,317,316.5,320.5,321,322,322.5,323
1683162037742569238,319,318.5,318,317,316.5,321,322,322.5,323,323.5
1683162039511276883,319.5,319,318.5,318,317,321,322,322.5,323,323.5
1683162039525358864,319.5,319,318.5,318,317,321,322,322.5,323,323.5
1683162039543853429,319.5,319,318.5,318,317,321,322,322.5,323,323.5
1683162040745160213,319.5,319,318.5,318,317,321,322,322.5,323,323.5
1683162040771952368,319.5,319,318.5,318,317,321,322,322.5,323,323.5
1683162043964491799,319.5,319,318.5,318,317,321,322,322.5,323,323.5
1683162044136521993,319.5,319,318.5,318,317,321,322,322.5,323,323.5
1683162047251839703,319.5,319,318.5,318,317,321,322,322.5,323,323.5
1683162048010515693,319.5,319,318.5,318,317,321,322,322.5,323,323.5
1683162048800528941,319.5,319,318.5,318,317,321,322,322.5,323,323.5
1683162049137890251,319.5,319,318.5,318,317,321,322,322.5,323,323.5
1683162049314619848,319.5,319,318.5,318,317.5,321,322,322.5,323,323.5
1683162050327676183,319.5,319,318.5,318,317.5,321,322,322.5,323,323.5
1683162051603856669,319.5,319,318.5,318,317.5,321,322,322.5,323,323.5
1683162051954081010,319.5,319,318.5,318,317.5,321,322,322.5,323,323.5
1683162051986720133,319.5,319,318.5,318,317.5,321,322,322.5,323,323.5
1683162052054747932,319.5,319,318.5,318,317.5,321,322,322.5,323,323.5
1683162052089037083,319.5,319,318.5,318,317.5,321,322,322.5,323,323.5
1683162052347761434,319.5,319,318.5,318,317.5,321,322,322.5,323,323.5
1683162052664542452,319.5,319,318.5,318,317.5,321,322,322.5,323,323.5
1683162052709624679,319.5,319,318.5,318,317.5,321,322,322.5,323,323.5
1683162054584549767,319.5,319,318.5,318,317.5,321,322,322.5,323,323.5
1683162054812001661,319.5,319,318.5,318,317.5,321,322,322.5,323,323.5
1683162058544552297,319.5,319,318.5,318,317.5,321,322,322.5,323,323.5
1683162058808508441,319.5,319,318.5,318,317.5,321,322,322.5,323,323.5
1683162058941625110,319.5,319,318.5,318,317.5,321,322,322.5,323,323.5
1683162060060130726,319.5,319,318.5,318,317.5,321,322,322.5,323,323.5
1683162061133563634,319.5,319,318.5,318,317.5,321,322,322.5,323,323.5
1683162061168370437,319.5,319,318.5,318,317.5,321,322,322.5,323,323.5
1683162061178318475,319.5,319,318.5,318,317.5,321,322,322.5,323,323.5
1683162066365781855,319.5,319,318.5,318,317.5,321,322,322.5,323,323.5
1683162066785604694,319.5,319,318.5,318,317.5,321,322,322.5,323,323.5
1683162068980658556,320,319.5,319,318.5,318,321,322,322.5,323,323.5
1683162069002867125,320,319.5,319,318.5,318,321,322,322.5,323,323.5
1683162069002867125,320,319.5,319,318.5,318,321,322,322.5,323,323.5
1683162069026194284,320,319.5,319,318.5,318,321,322,322.5,323,323.5
1683162069410291585,320,319.5,319,318.5,318,321,322,322.5,323,323.5
1683162070953543123,320,319.5,319,318.5,318,321,322,322.5,323,323.5
1683162071167118392,320,319.5,319,318.5,318,321,322,322.5,323,323.5
1683162072155573595,320,319.5,319,318.5,318,321,322,322.5,323,323.5
1683162072590734663,320,319.5,319,318.5,318,321,322,322.5,323,323.5
1683162072613379541,320,319.5,319,318.5,318,321,321.5,322,322.5,323
1683162072972618057,320,319.5,319,318.5,318,321,321.5,322,322.5,323
1683162073918027598,320,319.5,319,318.5,318,321,321.5,322,322.5,323
1683162074442041436,320,319.5,319,318.5,318,321,321.5,322,322.5,323
1683162076651029671,320,319.5,319,318.5,318,321,321.5,322,322.5,323
1683162079634919130,320.5,320,319.5,319,318.5,321,321.5,322,322.5,323
1683162079667689039,320.5,320,319.5,319,318.5,321,321.5,322,322.5,323
1683162079720491711,320.5,320,319.5,319,318.5,321,321.5,322,322.5,323
1683162080456294564,320.5,320,319.5,319,318.5,321,321.5,322,322.5,323
1683162082042429791,320.5,320,319.5,319,318.5,321,321.5,322,322.5,323
1683162084256233117,320.5,320,319.5,319,318.5,321,321.5,322,322.5,323
1683162084531676710,320.5,320,319.5,319,318.5,321,321.5,322,322.5,323
1683162085609172896,320.5,320,319.5,319,318.5,321,321.5,322,322.5,323
1683162086277736721,320.5,320,319.5,319,318.5,321,321.5,322,322.5,323
1683162091812506421,320.5,320,319.5,319,318.5,321,321.5,322,322.5,323
1683162093791185177,320.5,320,319.5,319,318.5,321,321.5,322,322.5,323
1683162094849100939,320.5,320,319.5,319,318.5,321,321.5,322,322.5,323
1683162095138770492,320.5,320,319.5,319,318.5,321,321.5,322,322.5,323
1683162095171156430,320.5,320,319.5,319,318.5,321.5,322,322.5,323,323.5
1683162095395373620,320.5,320,319.5,319,318.5,321.5,322,322.5,323,323.5
1683162095425160097,320.5,320,319.5,319,318.5,321.5,322,322.5,323,323.5
1683162096337058457,320.5,320,319.5,319,318.5,321.5,322,322.5,323,323.5
1683162096430745854,320.5,320,319.5,319,318.5,321.5,322,322.5,323,323.5
1683162096452265630,320.5,320,319.5,319,318.5,322,322.5,323,323.5,324
1683162096478279854,320.5,320,319.5,319,318.5,322,322.5,323,323.5,324
1683162096483996638,320.5,320,319.5,319,318.5,322,322.5,323,323.5,324
1683162096494748816,320.5,320,319.5,319,318.5,322,322.5,323,323.5,324
1683162096648645472,320.5,320,319.5,319,318.5,322,322.5,323,323.5,324
1683162096648645472,320.5,320,319.5,319,318.5,322,322.5,323,323.5,324
1683162102854302569,320.5,320,319.5,319,318.5,322,322.5,323,323.5,324
1683162104084175618,320.5,320,319.5,319,318.5,322,322.5,323,323.5,324
1683162104291206509,321,320.5,320,319.5,319,322,322.5,323,323.5,324
1683162104323771143,321,320.5,320,319.5,319,322,322.5,323,323.5,324
1683162104356628606,321,320.5,320,319.5,319,322,322.5,323,323.5,324
1683162104777507047,321,320.5,320,319.5,319,322,322.5,323,323.5,324
1683162106549003377,321,320.5,320,319.5,319,322,322.5,323,323.5,324
1683162106698526331,321,320.5,320,319.5,319,322,322.5,323,323.5,324
1683162107913109501,321,320.5,320,319.5,319,322,322.5,323,323.5,324
1683162108426940029,321.5,321,320.5,320,319.5,322,322.5,323,323.5,324
1683162108447531852,321.5,321,320.5,320,319.5,322,322.5,323,323.5,324
1683162108818127593,321.5,321,320.5,320,319.5,322,322.5,323,323.5,324
1683162108977919077,321.5,321,320.5,320,319.5,322,322.5,323,323.5,324
1683162109364406726,321.5,321,320.5,320,319.5,322,322.5,323,323.5,324
1683162110798579057,0,0,0,0,0,0,0,0,0,0
1683162110798579057,321.5,321,320.5,320,319.5,322.5,323,323.5,324,324.5
1683162111913725194,322,321.5,321,320.5,320,322.5,323,323.5,324,324.5
1683162111944475922,322,321.5,321,320.5,320,322.5,323,323.5,324,324.5
1683162112012192817,322,321.5,321,320.5,320,322.5,323,323.5,324,324.5
1683162112619448550,322,321.5,321,320.5,320,322.5,323,323.5,324,324.5
1683162112805767312,322,321.5,321,320.5,320,322.5,323,323.5,324,324.5
1683162112980807337,322,321.5,321,320.5,320,322.5,323,323.5,324,324.5
1683162113044369791,322,321.5,321,320.5,320,322.5,323,323.5,324,324.5
1683162113371957560,322,321.5,321,320.5,320,322.5,323,323.5,324,324.5
1683162113717118063,322,321.5,321,320.5,320,322.5,323,323.5,324,324.5
1683162113860316683,0,0,0,0,0,0,0,0,0,0
1683162113860434654,322,321.5,321,320.5,320,323,323.5,324,324.5,325
1683162114700130747,322,321.5,321,320.5,320,323,323.5,324,324.5,325
1683162114720692574,322,321.5,321,320.5,320,323,323.5,324,324.5,325
1683162115040329153,322.5,322,321.5,321,320.5,323,323.5,324,324.5,325
1683162115062737787,322.5,322,321.5,321,320.5,323,323.5,324,324.5,325
1683162115127770352,322.5,322,321.5,321,320.5,323,323.5,324,324.5,325
1683162115760295291,322.5,322,321.5,321,320.5,323,323.5,324,324.5,325
1683162116994880787,322.5,322,321.5,321,320.5,323,323.5,324,324.5,325
1683162117071698690,322.5,322,321.5,321,320.5,323,323.5,324,324.5,325
1683162118352934147,322.5,322,321.5,321,320.5,323.5,324,324.5,325,325.5
1683162118404098173,322.5,322,321.5,321,320.5,323,323.5,324,324.5,325
1683162118556565365,322.5,322,321.5,321,320.5,323.5,324,324.5,325,325.5
1683162119745455324,322.5,322,321.5,321,320.5,323,323.5,324,324.5,325
1683162119911884992,322.5,322,321.5,321,320.5,323.5,324,324.5,325,325.5
1683162120042923369,322.5,322,321.5,321,320.5,323.5,324,324.5,325,325.5
1683162120075891991,322.5,322,321.5,321,320.5,323.5,324,324.5,325,325.5
1683162120183778358,323,322.5,322,321.5,321,323.5,324,324.5,325,325.5
1683162120216507451,323,322.5,322,321.5,321,323.5,324,324.5,325,325.5
1683162120216730389,322.5,322,321.5,321,320.5,323.5,324,324.5,325,325.5
1683162120548661633,323,322.5,322,321.5,321,323.5,324,324.5,325,325.5
1683162120637508381,323,322.5,322,321.5,321,323.5,324,324.5,325,325.5
1683162120660222179,323,322.5,322,321.5,321,323.5,324,324.5,325,325.5
1683162120751035109,323,322.5,322,321.5,321,323.5,324,324.5,325,325.5
1683162120928541485,323,322.5,322,321.5,321,323.5,324,324.5,325,325.5
1683162121250677347,323,322.5,322,321.5,321,323.5,324,324.5,325,325.5
1683162122285299493,323,322.5,322,321.5,321,323.5,324,324.5,325,325.5
1683162122297203894,323,322.5,322,321.5,321,323.5,324,324.5,325,325.5
1683162122358866021,323,322.5,322,321.5,321,323.5,324,324.5,325,325.5
1683162124547145643,323,322.5,322,321.5,321,323.5,324,324.5,325,325.5
1683162124655573437,323,322.5,322,321.5,321,323.5,324,324.5,325,325.5
1683162124665774891,323,322.5,322,321.5,321,323.5,324,324.5,325,325.5
1683162124801888698,323,322.5,322,321.5,321,323.5,324,324.5,325,325.5
1683162125083462170,323,322.5,322,321.5,321,323.5,324,324.5,325,325.5
1683162125128590884,323,322.5,322,321.5,321,323.5,324,324.5,325,325.5
1683162125783037652,323,322.5,322,321.5,321,323.5,324,324.5,325,325.5
1683162126237706238,323,322.5,322,321.5,321,323.5,324,324.5,325,325.5
1683162126487133963,323,322.5,322,321.5,321,324,324.5,325,325.5,326
1683162126707710858,323.5,323,322.5,322,321.5,324,324.5,325,325.5,326
1683162126740301760,323.5,323,322.5,322,321.5,324,324.5,325,325.5,326
1683162127686484172,323.5,323,322.5,322,321.5,324,324.5,325,325.5,326
1683162127707569241,323.5,323,322.5,322,321.5,324,324.5,325,325.5,326
1683162128031240366,323.5,323,322.5,322,321.5,324,324.5,325,325.5,326
1683162128193175254,323.5,323,322.5,322,321.5,324,324.5,325,325.5,326
1683162128879775354,323.5,323,322.5,322,321.5,324,324.5,325,325.5,326
1683162129156142591,323.5,323,322.5,322,321.5,324,324.5,325,325.5,326
1683162131479688839,323.5,323,322.5,322,321.5,324,324.5,325,325.5,326
1683162131756259347,323.5,323,322.5,322,321.5,324,324.5,325,325.5,326
1683162132806773732,323.5,323,322.5,322,321.5,324,324.5,325,325.5,326
1683162133348423373,323.5,323,322.5,322,321.5,324,324.5,325,325.5,326
1683162134031378829,323.5,323,322.5,322,321.5,324,324.5,325,325.5,326
1683162134441964104,323.5,323,322.5,322,321.5,324,324.5,325,325.5,326
1683162134520895405,323.5,323,322.5,322,321.5,324,324.5,325,325.5,326
1683162135428117344,323.5,323,322.5,322,321.5,324,324.5,325,325.5,326
1683162136255584225,323.5,323,322.5,322,321.5,324,324.5,325,325.5,326
1683162136575996410,323.5,323,322.5,322,321.5,324,324.5,325,325.5,326
1683162136940938495,323.5,323,322.5,322,321.5,324,324.5,325,325.5,326
1683162137330885089,323.5,323,322.5,322,321.5,324,324.5,325,325.5,326
1683162138340767222,323.5,323,322.5,322,321.5,324,324.5,325,325.5,326
1683162138613630290,323.5,323,322.5,322,321.5,324,324.5,325,325.5,326
1683162139167884587,323.5,323,322.5,322,321.5,324,324.5,325,325.5,326
1683162139398196961,323.5,323,322.5,322,321.5,324,324.5,325,325.5,326
1683162139530303374,323.5,323,322.5,322,321.5,324,324.5,325,325.5,326
1683162139786287519,323.5,323,322.5,322,321.5,324,324.5,325,325.5,326
1683162140043598196,323.5,323,322.5,322,321.5,324,324.5,325,325.5,326
1683162140568108997,323.5,323,322.5,322,321.5,324,324.5,325,325.5,326
1683162140940695975,323.5,323,322.5,322,321.5,324,324.5,325,325.5,326
1683162141718641816,323.5,323,322.5,322,321.5,324,324.5,325,325.5,326
1683162141799691344,323.5,323,322.5,322,321.5,324,324.5,325,325.5,326
1683162142292042522,323.5,323,322.5,322,321.5,324,324.5,325,325.5,326
1683162143397907733,323.5,323,322.5,322,321.5,324,324.5,325,325.5,326
1683162143834478348,323.5,323,322.5,322,321.5,324,324.5,325,325.5,326
1683162144649541119,324,323.5,323,322.5,322,324.5,325,325.5,326,326.5
1683162144682160535,324,323.5,323,322.5,322,324.5,325,325.5,326,326.5
1683162144682471699,323.5,323,322.5,322,321.5,324.5,325,325.5,326,326.5
1683162144715107566,323.5,323,322.5,322,321.5,324.5,325,325.5,326,326.5
1683162144749686051,323.5,323,322.5,322,321.5,324.5,325,325.5,326,326.5
1683162144791839849,323.5,323,322.5,322,321.5,324.5,325,325.5,326,326.5
1683162145260376132,324,323.5,323,322.5,322,324.5,325,325.5,326,326.5
1683162145282829360,324,323.5,323,322.5,322,324.5,325,325.5,326,326.5
1683162145282829360,323.5,323,322.5,322,321.5,324.5,325,325.5,326,326.5
1683162145629330981,324,323.5,323,322.5,322,324.5,325,325.5,326,326.5
1683162145662156284,323.5,323,322.5,322,321.5,324.5,325,325.5,326,326.5
1683162145708346581,323.5,323,322.5,322,321.5,324.5,325,325.5,326,326.5
1683162145743885509,323.5,323,322.5,322,321.5,324.5,325,325.5,326,326.5
1683162145983641444,324,323.5,323,322.5,322,324.5,325,325.5,326,326.5
1683162146016532129,324,323.5,323,322.5,322,324.5,325,325.5,326,326.5
1683162146016532129,323.5,323,322.5,322,321.5,324.5,325,325.5,326,326.5
1683162146016556936,323.5,323,322.5,322,321.5,324,324.5,325,325.5,326
1683162146049835500,323.5,323,322.5,322,321.5,324,324.5,325,325.5,326
1683162146061523435,323.5,323,322.5,322,321.5,324,324.5,325,325.5,326
1683162146690132541,323.5,323,322.5,322,321.5,324,324.5,325,325.5,326
1683162146961586883,323.5,323,322.5,322,321.5,324,324.5,325,325.5,326
1683162147074159530,323.5,323,322.5,322,321.5,324.5,325,325.5,326,326.5
1683162147591539421,323.5,323,322.5,322,321.5,324.5,325,325.5,326,326.5
1683162147622524178,323.5,323,322.5,322,321.5,324.5,325,325.5,326,326.5
1683162147667023109,323.5,323,322.5,322,321.5,324.5,325,325.5,326,326.5
1683162148707609523,324,323.5,323,322.5,322,324.5,325,325.5,326,326.5
1683162148740267311,324,323.5,323,322.5,322,324.5,325,325.5,326,326.5
1683162148740267311,323.5,323,322.5,322,321.5,324.5,325,325.5,326,326.5
1683162148775115272,323.5,323,322.5,322,321.5,324.5,325,325.5,326,326.5
1683162148797836754,323.5,323,322.5,322,321.5,324.5,325,325.5,326,326.5
1683162149084307781,323.5,323,322.5,322,321.5,324.5,325,325.5,326,326.5
1683162149107054881,323.5,323,322.5,322,321.5,324.5,325,325.5,326,326.5
1683162149220528399,324,323.5,323,322.5,322,324.5,325,325.5,326,326.5
1683162149251364667,323.5,323,322.5,322,321.5,324.5,325,325.5,326,326.5
1683162149251364667,323.5,323,322.5,322,321.5,324.5,325,325.5,326,326.5
1683162149251364667,323.5,323,322.5,322,321.5,324,324.5,325,325.5,326
1683162149287363228,323.5,323,322.5,322,321.5,324,324.5,325,325.5,326
1683162149430053473,323.5,323,322.5,322,321.5,324.5,325,325.5,326,326.5
1683162149937468134,323.5,323,322.5,322,321.5,324.5,325,325.5,326,326.5
1683162149971140187,323.5,323,322.5,322,321.5,324.5,325,325.5,326,326.5
1683162149993706968,323.5,323,322.5,322,321.5,324,324.5,325,325.5,326
1683162149993706968,323.5,323,322.5,322,321.5,324.5,325,325.5,326,326.5
1683162149993737656,323.5,323,322.5,322,321.5,324.5,325,325.5,326,326.5
1683162150016146841,323.5,323,322.5,322,321.5,324.5,325,325.5,326,326.5
1683162150049879618,323.5,323,322.5,322,321.5,324.5,325,325.5,326,326.5
1683162150455472308,323.5,323,322.5,322,321.5,324.5,325,325.5,326,326.5
1683162150809928144,323.5,323,322.5,322,321.5,324,324.5,325,325.5,326
1683162150842722499,323.5,323,322.5,322,321.5,324,324.5,325,325.5,326
1683162151132359270,323.5,323,322.5,322,321.5,324.5,325,325.5,326,326.5
1683162151144718256,323.5,323,322.5,322,321.5,324.5,325,325.5,326,326.5
1683162151177580838,323.5,323,322.5,322,321.5,324.5,325,325.5,326,326.5
1683162153507147680,324,323.5,323,322.5,322,324.5,325,325.5,326,326.5
1683162153542920868,324,323.5,323,322.5,322,324.5,325,325.5,326,326.5
1683162153542920868,323.5,323,322.5,322,321.5,324.5,325,325.5,326,326.5
1683162153542920868,323.5,323,322.5,322,321.5,324,324.5,325,325.5,326
1683162153573569694,323.5,323,322.5,322,321.5,324,324.5,325,325.5,326
1683162153671834977,323.5,323,322.5,322,321.5,324,324.5,325,325.5,326
1683162153819530289,323.5,323,322.5,322,321.5,324,324.5,325,325.5,326
1683162154100948460,323.5,323,322.5,322,321.5,324.5,325,325.5,326,326.5
1683162154395874042,324,323.5,323,322.5,322,324.5,325,325.5,326,326.5
1683162154427034398,324,323.5,323,322.5,322,324.5,325,325.5,326,326.5
1683162154427034398,323.5,323,322.5,322,321.5,324.5,325,325.5,326,326.5
1683162154427034398,323.5,323,322.5,322,321.5,324,324.5,325,325.5,326
1683162154447115683,323.5,323,322.5,322,321.5,324,324.5,325,325.5,326
1683162154976567731,324,323.5,323,322.5,322,324.5,325,325.5,326,326.5
1683162154997112426,324,323.5,323,322.5,322,324.5,325,325.5,326,326.5
1683162155009442587,324,323.5,323,322.5,322,324.5,325,325.5,326,326.5
1683162155009442587,323.5,323,322.5,322,321.5,324.5,325,325.5,326,326.5
1683162155031819943,323.5,323,322.5,322,321.5,324.5,325,325.5,326,326.5
1683162155064505553,323.5,323,322.5,322,321.5,324.5,325,325.5,326,326.5
1683162155312686227,324,323.5,323,322.5,322,324.5,325,325.5,326,326.5
1683162155343085695,324,323.5,323,322.5,322,324.5,325,325.5,326,326.5
1683162155343085695,323.5,323,322.5,322,321.5,324.5,325,325.5,326,326.5
1683162155433814327,323.5,323,322.5,322,321.5,324.5,325,325.5,326,326.5
1683162155465983418,323.5,323,322.5,322,321.5,324.5,325,325.5,326,326.5
1683162155601604239,323.5,323,322.5,322,321.5,324.5,325,325.5,326,326.5
1683162155821762177,324,323.5,323,322.5,322,324.5,325,325.5,326,326.5
1683162155856635726,324,323.5,323,322.5,322,324.5,325,325.5,326,326.5
1683162155856635726,323.5,323,322.5,322,321.5,324.5,325,325.5,326,326.5
1683162156322022115,323.5,323,322.5,322,321.5,324,324.5,325,325.5,326
1683162156352745220,323.5,323,322.5,322,321.5,324,324.5,325,325.5,326
1683162156549336630,323.5,323,322.5,322,321.5,324,324.5,325,325.5,326
1683162157002017724,323.5,323,322.5,322,321.5,324,324.5,325,325.5,326
1683162157385026120,323.5,323,322.5,322,321.5,324,324.5,325,325.5,326
1683162157915138768,323.5,323,322.5,322,321.5,324,324.5,325,325.5,326
1683162158124244275,323.5,323,322.5,322,321.5,324.5,325,325.5,326,326.5
1683162160011512267,324,323.5,323,322.5,322,324.5,325,325.5,326,326.5
1683162160044687727,324,323.5,323,322.5,322,324.5,325,325.5,326,326.5
1683162160044687727,323.5,323,322.5,322,321.5,324.5,325,325.5,326,326.5
1683162160937266101,324,323.5,323,322.5,322,324.5,325,325.5,326,326.5
1683162160958085832,323.5,323,322.5,322,321.5,324.5,325,325.5,326,326.5
1683162160970194447,323.5,323,322.5,322,321.5,324.5,325,325.5,326,326.5
1683162160990692174,323.5,323,322.5,322,321.5,324.5,325,325.5,326,326.5
1683162161234334396,323.5,323,322.5,322,321.5,324.5,325,325.5,326,326.5
1683162161264962152,323.5,323,322.5,322,321.5,324.5,325,325.5,326,326.5
1683162161456413171,323.5,323,322.5,322,321.5,324.5,325,325.5,326,326.5
1683162162776694559,323.5,323,322.5,322,321.5,324.5,325,325.5,326,326.5
1683162163194247175,324,323.5,323,322.5,322,324.5,325,325.5,326,326.5
1683162163207124274,324,323.5,323,322.5,322,324.5,325,325.5,326,326.5
1683162163207124274,323.5,323,322.5,322,321.5,324.5,325,325.5,326,326.5
1683162163239525490,323.5,323,322.5,322,321.5,324.5,325,325.5,326,326.5
1683162163239525490,323.5,323,322.5,322,321.5,324.5,325,325.5,326,326.5
1683162163270928663,323.5,323,322.5,322,321.5,324.5,325,325.5,326,326.5
1683162163283252592,323.5,323,322.5,322,321.5,324.5,325,325.5,326,326.5
1683162163295699212,323.5,323,322.5,322,321.5,324.5,325,325.5,326,326.5
1683162163527669859,323.5,323,322.5,322,321.5,324.5,325,325.5,326,326.5
1683162165559644592,323.5,323,322.5,322,321.5,324.5,325,325.5,326,326.5
1683162165571981606,323.5,323,322.5,322,321.5,324.5,325,325.5,326,326.5
1683162169887178043,323.5,323,322.5,322,321.5,324.5,325,325.5,326,326.5
1683162169907836491,323.5,323,322.5,322,321.5,324.5,325,325.5,326,326.5
1683162170184233584,323.5,323,322.5,322,321.5,324.5,325,325.5,326,326.5
1683162170502517794,323.5,323,322.5,322,321.5,324.5,325,325.5,326,326.5
1683162170584505124,323.5,323,322.5,322,321.5,324.5,325,325.5,326,326.5
1683162170805890797,323.5,323,322.5,322,321.5,324.5,325,325.5,326,326.5
1683162171118962550,323.5,323,322.5,322,321.5,324.5,325,325.5,326,326.5
1683162173104708043,323.5,323,322.5,322,321.5,324.5,325,325.5,326,326.5
1683162173139497464,323.5,323,322.5,322,321.5,324.5,325,325.5,326,326.5
1683162173376001213,323.5,323,322.5,322,321.5,324.5,325,325.5,326,326.5
1683162173697094607,323.5,323,322.5,321.5,320.5,324.5,325,325.5,326,326.5
1683162173706553197,323.5,323,322.5,321.5,320.5,324.5,325,325.5,326,326.5
1683162173727095216,323.5,323,322.5,321.5,320.5,324.5,325,325.5,326,326.5
1683162173892201640,323.5,323,322.5,321.5,320.5,324.5,325,325.5,326,326.5
1683162174020185211,323.5,323,322.5,321.5,320.5,324.5,325,325.5,326,326.5
1683162174144004515,323.5,323,322.5,321.5,320.5,324.5,325,325.5,326,326.5
1683162174221947771,323.5,323,322.5,321.5,320.5,324.5,325,325.5,326,326.5
1683162174221947771,323.5,323,322.5,321.5,320.5,324.5,325,325.5,326,326.5
1683162174309924876,324,323.5,323,322.5,321.5,324.5,325,325.5,326,326.5
1683162174342503145,324,323.5,323,322.5,321.5,324.5,325,325.5,326,326.5
1683162174342503145,323.5,323,322.5,321.5,320.5,324.5,325,325.5,326,326.5
1683162175133089559,323.5,323,322.5,321.5,320.5,324.5,325,325.5,326,326.5
1683162175154653548,323.5,323,322.5,321.5,320.5,324.5,325,325.5,326,326.5
1683162176246528190,323.5,323,322.5,321.5,321,324.5,325,325.5,326,326.5
1683162176268955980,323.5,323,322.5,321.5,321,324.5,325,325.5,326,326.5
1683162178754224026,323.5,323,322.5,321.5,321,324.5,325,325.5,326,326.5
1683162179546488771,323.5,323,322.5,321.5,321,324.5,325,325.5,326,326.5
1683162179610112681,324,323.5,323,322.5,321.5,324.5,325,325.5,326,326.5
1683162179632574535,324,323.5,323,322.5,321.5,324.5,325,325.5,326,326.5
1683162179632574535,323.5,323,322.5,321.5,321,324.5,325,325.5,326,326.5
1683162180378324545,323.5,323,322.5,321.5,321,324.5,325,325.5,326,326.5
1683162180386759031,323.5,323,322.5,321.5,321,324.5,325,325.5,326,326.5
1683162180809246282,324,323.5,323,322.5,321.5,324.5,325,325.5,326,326.5
1683162180830292809,324,323.5,323,322.5,321.5,324.5,325,325.5,326,326.5
1683162180830403527,323.5,323,322.5,321.5,321,324.5,325,325.5,326,326.5
1683162181049853346,324,323.5,323,322.5,321.5,324.5,325,325.5,326,326.5
1683162181705236142,324,323.5,323,322.5,321.5,324.5,325,325.5,326,326.5
1683162181882473051,324,323.5,323,322.5,321.5,324.5,325,325.5,326,326.5
1683162181913345157,324,323.5,323,322.5,321.5,324.5,325,325.5,326,326.5
1683162182156955720,324,323.5,323,322.5,321.5,324.5,325,325.5,326,326.5
1683162182474249540,324,323.5,323,322.5,321.5,324.5,325,325.5,326,326.5
1683162182834824615,324,323.5,323,322.5,321.5,324.5,325,325.5,326,326.5
1683162183354298839,324,323.5,323,322.5,321.5,324.5,325,325.5,326,326.5
1683162183605962302,324,323.5,323,322.5,321.5,324.5,325,325.5,326,326.5
1683162184517269311,324,323.5,323,322.5,321.5,324.5,325,325.5,326,326.5
1683162187589336840,324,323.5,323,322.5,321.5,324.5,325,325.5,326,326.5
1683162188145206250,324,323.5,323,322.5,321.5,324.5,325,325.5,326,326.5
1683162188170502436,323.5,323,322.5,321.5,321,324.5,325,325.5,326,326.5
1683162188201793137,323.5,323,322.5,321.5,321,324.5,325,325.5,326,326.5
1683162188234609072,323.5,323,322.5,321.5,321,324.5,325,325.5,326,326.5
1683162188344877592,324,323.5,323,322.5,321.5,324.5,325,325.5,326,326.5
1683162188375635663,324,323.5,323,322.5,321.5,324.5,325,325.5,326,326.5
1683162188375635663,323.5,323,322.5,321.5,321,324.5,325,325.5,326,326.5
1683162188420677915,323.5,323,322.5,321.5,321,324.5,325,325.5,326,326.5
1683162188453520239,323.5,323,322.5,321.5,321,324.5,325,325.5,326,326.5
1683162188488274574,323.5,323,322.5,321.5,321,324.5,325,325.5,326,326.5
1683162188841165862,323.5,323,322.5,321.5,321,324.5,325,325.5,326,326.5
1683162189409671938,323.5,323,322.5,321.5,321,324.5,325,325.5,326,326.5
1683162192771839899,323.5,323,322.5,321.5,321,324.5,325,325.5,326,326.5
1683162196927197843,324,323.5,323,322.5,321.5,324.5,325,325.5,326,326.5
1683162196958181758,324,323.5,323,322.5,321.5,324.5,325,325.5,326,326.5
1683162196958181758,323.5,323,322.5,321.5,321,324.5,325,325.5,326,326.5
1683162197112500557,323.5,323,322.5,321.5,321,324.5,325,325.5,326,326.5
1683162197147775769,323.5,323,322.5,321.5,321,324.5,325,325.5,326,326.5
1683162197854991567,323.5,323,322.5,321.5,321,324.5,325,325.5,326,326.5
1683162199094759082,323.5,323,322.5,321.5,321,324.5,325,325.5,326,326.5
1683162199340880259,323.5,323,322.5,321.5,321,324.5,325,325.5,326,326.5
1683162199511223324,323.5,323,322.5,321.5,321,324.5,325,325.5,326,326.5
1683162200325730963,324,323.5,323,322.5,321.5,324.5,325,325.5,326,326.5
1683162200346412915,324,323.5,323,322.5,321.5,324.5,325,325.5,326,326.5
1683162200356483003,324,323.5,323,322.5,321.5,324.5,325,325.5,326,326.5
1683162202683249545,324,323.5,323,322.5,321.5,324.5,325,325.5,326,326.5
1683162202683249545,324,323.5,323,322.5,321.5,324.5,325,325.5,326,326.5
1683162203715546314,324,323.5,323,322.5,321.5,324.5,325,325.5,326,326.5
1683162204982020684,324,323.5,323,322.5,321.5,324.5,325,325.5,326,326.5
1683162205482830534,324,323.5,323,322.5,321.5,324.5,325,325.5,326,326.5
1683162205673107758,324,323.5,323,322.5,321.5,324.5,325,325.5,326,326.5
1683162205755192941,324,323.5,323,322.5,321.5,324.5,325,325.5,326,326.5
1683162206432985002,324,323.5,323,322.5,321.5,324.5,325,325.5,326,326.5
1683162208525021586,324,323.5,323,322.5,321.5,324.5,325,325.5,326,326.5
1683162208811890611,324,323.5,323,322.5,321.5,324.5,325,325.5,326,326.5
1683162209319046316,324,323.5,323,322.5,321.5,324.5,325,325.5,326,326.5
1683162211800866998,324,323.5,323,322.5,321.5,324.5,325,325.5,326,326.5
1683162212828105719,324,323.5,323,322.5,321.5,324.5,325,325.5,326,326.5
1683162213315430970,324,323.5,323,322.5,321.5,324.5,325,325.5,326,326.5
1683162216190925724,324,323.5,323,322.5,321.5,324.5,325,325.5,326,326.5
1683162216907279228,324,323.5,323,322.5,321.5,324.5,325,325.5,326,326.5
1683162218149628330,324,323.5,323,322.5,321.5,324.5,325,325.5,326,326.5
1683162218622091106,324,323.5,323,322.5,321.5,324.5,325,325.5,326,326.5
1683162222570529336,324,323.5,323,322.5,321.5,324.5,325,325.5,326,326.5
1683162222592926489,323.5,323,322.5,321.5,321,324.5,325,325.5,326,326.5
1683162222623589321,323.5,323,322.5,321.5,321,324.5,325,325.5,326,326.5
1683162222633899029,323.5,323,322.5,321.5,321,324.5,325,325.5,326,326.5
1683162222654358112,323.5,323,322.5,321.5,321,324.5,325,325.5,326,326.5
1683162223611792780,323.5,323,322.5,321.5,321,324.5,325,325.5,326,326.5
1683162223622024291,323.5,323,322.5,321.5,321,324.5,325,325.5,326,326.5
1683162223622024291,323.5,323,322.5,321.5,321,324.5,325,325.5,326,326.5
1683162223783230591,323.5,323,322.5,321.5,321,324.5,325,325.5,326,326.5
1683162223903648017,323.5,323,322.5,321.5,321,324.5,325,325.5,326,326.5
1683162224925736398,324,323.5,323,322.5,321.5,324.5,325,325.5,326,326.5
1683162224948242125,324,323.5,323,322.5,321.5,324.5,325,325.5,326,326.5
1683162225003586589,324,323.5,323,322.5,321.5,324.5,325,325.5,326,326.5
1683162225155161917,324,323.5,323,322.5,321.5,324.5,325,325.5,326,326.5
1683162225288603166,324,323.5,323,322.5,321.5,324.5,325,325.5,326,326.5
1683162225384448144,324,323.5,323,322.5,321.5,324.5,325,325.5,326,326.5
1683162228500480851,324,323.5,323,322.5,321.5,324.5,325,325.5,326,326.5
1683162228898604097,324,323.5,323,322.5,321.5,324.5,325,325.5,326,326.5
1683162228919359878,324,323.5,323,322.5,321.5,324.5,325,325.5,326,326.5
1683162230692000013,324,323.5,323,322.5,321.5,324.5,325,325.5,326,326.5
1683162230722956417,323.5,323,322.5,321.5,321,324.5,325,325.5,326,326.5
1683162230893675699,323.5,323,322.5,321.5,321,324,324.5,325,325.5,326
1683162230893834557,323.5,323,322.5,321.5,321,324,324.5,325,325.5,326
1683162230893834557,323.5,323,322.5,321.5,321,324,324.5,325,325.5,326
1683162230926493528,323.5,323,322.5,321.5,321,324,324.5,325,325.5,326
1683162230959832565,323.5,323,322.5,321.5,321,324,324.5,325,325.5,326
1683162232596398859,323.5,323,322.5,321.5,321,324,324.5,325,325.5,326
1683162232792225683,323.5,323,322.5,321.5,321,324,324.5,325,325.5,326
1683162233151522207,323.5,323,322.5,321.5,321,324,324.5,325,325.5,326
1683162233369732849,323.5,323,322.5,321.5,321,324,324.5,325,325.5,326
1683162234612962585,323.5,323,322.5,321.5,321,324.5,325,325.5,326,326.5
1683162234645636714,323.5,323,322.5,321.5,321,324.5,325,325.5,326,326.5
1683162234645748343,323.5,323,322.5,321.5,321,324.5,325,325.5,326,326.5
1683162234676318842,323.5,323,322.5,321.5,321,324.5,325,325.5,326,326.5
1683162234831430850,323.5,323,322.5,321.5,321,324,324.5,325,325.5,326
1683162234853782678,323.5,323,322.5,321.5,321,324,324.5,325,325.5,326
1683162234877041930,323.5,323,322.5,321.5,321,324,324.5,325,325.5,326
1683162236648573293,323.5,323,322.5,321.5,321,324,324.5,325,325.5,326
1683162237267069510,323.5,323,322.5,321.5,321,324,324.5,325,325.5,326
1683162237320418478,323.5,323,322.5,321.5,321,324,324.5,325,325.5,326
1683162239803392275,323.5,323,322.5,321.5,321,324,324.5,325,325.5,326
1683162244111434766,323.5,323,322.5,321.5,321,324,324.5,325,325.5,326
1683162245291360422,323.5,323,322.5,321.5,321,324,324.5,325,325.5,326
1683162245383516083,323.5,323,322.5,321.5,321,324,324.5,325,325.5,326
1683162247129865576,323.5,323,322.5,321.5,321,324,324.5,325,325.5,326
1683162247239871773,323.5,323,322.5,321.5,321,324,324.5,325,325.5,326
1683162248725636161,323.5,323,322.5,321.5,321,324,324.5,325,325.5,326
1683162250679988148,323.5,323,322.5,321.5,321,324,324.5,325,325.5,326
1683162250699543024,323.5,323,322.5,321.5,321,324,324.5,325,325.5,326
1683162250699543024,323.5,323,322.5,321.5,321,324,324.5,325,325.5,326
1683162250721695668,323,322.5,321.5,321,320.5,324,324.5,325,325.5,326
1683162250721803871,323,322.5,321.5,321,320.5,324,324.5,325,325.5,326
1683162250742160493,323,322.5,321.5,321,320.5,324,324.5,325,325.5,326
1683162250742186471,323,322.5,321.5,321,320.5,324,324.5,325,325.5,326
1683162250754410153,323,322.5,321.5,321,320.5,324,324.5,325,325.5,326
1683162250754410153,323,322.5,321.5,321,320.5,324,324.5,325,325.5,326
1683162250764916469,323,322.5,321.5,321,320.5,324,324.5,325,325.5,326
1683162250779733870,323,322.5,321.5,321,320.5,324,324.5,325,325.5,326
1683162250779733870,323,322.5,321.5,321,320.5,324,324.5,325,325.5,326
1683162250788092755,323,322.5,321.5,321,320.5,324,324.5,325,325.5,326
1683162250810424936,323,322.5,321.5,321,320.5,324,324.5,325,325.5,326
1683162254887545579,322.5,321.5,321,320.5,320,324,324.5,325,325.5,326
1683162254922012654,322.5,321.5,321,320.5,320,324,324.5,325,325.5,326
1683162254932904494,322.5,321.5,321,320.5,320,324,324.5,325,325.5,326
1683162254955733558,322.5,321.5,321,320.5,320,324,324.5,325,325.5,326
1683162254966104921,322.5,321.5,321,320.5,320,324,324.5,325,325.5,326
1683162256684523110,322.5,321.5,321,320.5,320,324,324.5,325,325.5,326
1683162256694532804,322.5,321.5,321,320.5,320,324,324.5,325,325.5,326
1683162258721171466,322.5,321.5,321,320.5,320,324,324.5,325,325.5,326
1683162259766026604,322.5,321.5,321,320.5,320,324,324.5,325,325.5,326
1683162259808777783,322.5,321.5,321,320.5,320,324,324.5,325,325.5,326
1683162260586939077,322.5,321.5,321,320.5,320,324,324.5,325,325.5,326
1683162262601088199,322.5,321.5,321,320.5,320,324,324.5,325,325.5,326
1683162262623656894,322.5,321.5,321,320.5,320,324,324.5,325,325.5,326
1683162262646091547,323,322.5,321.5,321,320.5,324,324.5,325,325.5,326
1683162262668601562,323,322.5,321.5,321,320.5,324,324.5,325,325.5,326
1683162262679131202,323,322.5,321.5,321,320.5,324,324.5,325,325.5,326
1683162262701547471,323,322.5,321.5,321,320.5,324,324.5,325,325.5,326
1683162263085456508,323,322.5,321.5,321,320.5,323.5,324,324.5,325,325.5
1683162263108198789,323,322.5,321.5,321,320.5,323.5,324,324.5,325,325.5
1683162263130697682,323,322.5,321.5,321,320.5,323.5,324,324.5,325,325.5
1683162263510591189,323,322.5,321.5,321,320.5,323.5,324,324.5,325,325.5
1683162263757264052,323,322.5,321.5,321,320.5,323.5,324,324.5,325,325.5
1683162263787895165,323,322.5,321.5,321,320.5,323.5,324,324.5,325,325.5
1683162266116472586,323,322.5,321.5,321,320.5,323.5,324,324.5,325,325.5
1683162269436386719,323,322.5,321.5,321,320.5,323.5,324,324.5,325,325.5
1683162270464400275,323,322.5,321.5,321,320.5,323.5,324,324.5,325,325.5
1683162270627118254,323,322.5,321.5,321,320.5,323.5,324,324.5,325,325.5
1683162270658229859,323,322.5,322,321.5,321,323.5,324,324.5,325,325.5
1683162270892727962,323,322.5,322,321.5,321,323.5,324,324.5,325,325.5
1683162270971620721,323,322.5,322,321.5,321,323.5,324,324.5,325,325.5
1683162271404558915,323,322.5,322,321.5,321,323.5,324,324.5,325,325.5
1683162271521646638,322.5,322,321.5,321,320.5,323.5,324,324.5,325,325.5
1683162271556181581,322.5,322,321.5,321,320.5,323.5,324,324.5,325,325.5
1683162271589318349,322.5,322,321.5,321,320.5,323.5,324,324.5,325,325.5
1683162273542743485,322.5,322,321.5,321,320.5,323.5,324,324.5,325,325.5
1683162274277804855,322.5,322,321.5,321,320.5,323.5,324,324.5,325,325.5
1683162274602555225,322.5,322,321.5,321,320.5,323,323.5,324,324.5,325
1683162274623382851,322.5,322,321.5,321,320.5,323,323.5,324,324.5,325
1683162275894958659,322.5,322,321.5,321,320.5,323,323.5,324,324.5,325
1683162277217830950,322.5,322,321.5,321,320.5,323,323.5,324,324.5,325
1683162278933037869,322.5,322,321.5,321,320.5,323,323.5,324,324.5,325
1683162279671218896,322.5,322,321.5,321,320.5,323.5,324,324.5,325,325.5
1683162280172357743,322.5,322,321.5,321,320.5,323,323.5,324,324.5,325
1683162281216644313,322.5,322,321.5,321,320.5,323,323.5,324,324.5,325
1683162281970879292,322.5,322,321.5,321,320.5,323,323.5,324,324.5,325
1683162282661466497,322.5,322,321.5,321,320.5,323,323.5,324,324.5,325
1683162284150772685,322.5,322,321.5,321,320.5,323,323.5,324,324.5,325
1683162284515947586,322.5,322,321.5,321,320.5,323,323.5,324,324.5,325
1683162284717717048,322.5,322,321.5,321,320.5,323,323.5,324,324.5,325
1683162285493814697,322.5,322,321.5,321,320.5,323,323.5,324,324.5,325
1683162287064610780,322.5,322,321.5,321,320.5,323,323.5,324,324.5,325
1683162287963805786,322.5,322,321.5,321,320.5,323,323.5,324,324.5,325
1683162288772671781,322.5,322,321.5,321,320.5,323,323.5,324,324.5,325
1683162291073668216,322.5,322,321.5,321,320.5,323,323.5,324,324.5,325
1683162296880055433,322.5,322,321.5,321,320.5,323,323.5,324,324.5,325
1683162296959896202,322.5,322,321.5,321,320.5,323,323.5,324,324.5,325
1683162297106217154,322.5,322,321.5,321,320.5,323,323.5,324,324.5,325
1683162297273026745,322.5,322,321.5,321,320.5,323,323.5,324,324.5,325
1683162298035012448,322.5,322,321.5,321,320.5,323,323.5,324,324.5,325
1683162298158553839,322.5,322,321.5,321,320.5,323,323.5,324,324.5,325
1683162298531543133,322.5,322,321.5,321,320.5,323,323.5,324,324.5,325
1683162298541741230,322.5,322,321.5,321,320.5,323,323.5,324,324.5,325
1683162300856002321,322.5,322,321.5,321,320.5,323,323.5,324,324.5,325
1683162301981789075,322.5,322,321.5,321,320.5,323,323.5,324,324.5,325
1683162303246172578,322.5,322,321.5,321,320.5,323,323.5,324,324.5,325
1683162306982662011,322.5,322,321.5,321,320.5,323,323.5,324,324.5,325
1683162310625536352,322.5,322,321.5,321,320.5,323,323.5,324,324.5,325
1683162312064462986,322.5,322,321.5,321,320.5,323,323.5,324,324.5,325
1683162312362796476,322.5,322,321.5,321,320.5,323,323.5,324,324.5,325
1683162312395774736,322.5,322,321.5,321,320.5,323,323.5,324,324.5,325
1683162312605583423,322.5,322,321.5,321,320.5,323,323.5,324,324.5,325
1683162312638475561,322.5,322,321.5,321,320.5,323.5,324,324.5,325,325.5
1683162312671533570,322.5,322,321.5,321,320.5,323.5,324,324.5,325,325.5
1683162313108333104,322.5,322,321.5,321,320.5,323.5,324,324.5,325,325.5
1683162316042351769,323,322.5,322,321.5,321,323.5,324,324.5,325,325.5
1683162316075331692,323,322.5,322,321.5,321,323.5,324,324.5,325,325.5
1683162316075331692,323,322.5,322,321.5,321,324,324.5,325,325.5,326
1683162316107590842,323,322.5,322,321.5,321,324,324.5,325,325.5,326
1683162316107590842,323,322.5,322,321.5,321,324,324.5,325,325.5,326
1683162316938599862,323,322.5,322,321.5,321,324,324.5,325,325.5,326
1683162317314989060,323,322.5,322,321.5,321,324,324.5,325,325.5,326
1683162317336565251,323,322.5,322,321.5,321,324,324.5,325,325.5,326
1683162320392547284,322.5,322,321.5,321,320.5,323,324,324.5,325,325.5
1683162320410798633,322.5,322,321.5,321,320.5,323,324,324.5,325,325.5
1683162320410910313,322.5,322,321.5,321,320.5,323,324,324.5,325,325.5
1683162320410910313,322.5,322,321.5,321,320.5,324,324.5,325,325.5,326
1683162320423117343,322.5,322,321.5,321,320.5,324,324.5,325,325.5,326
1683162320433130874,322.5,322,321.5,321,320.5,324,324.5,325,325.5,326
1683162320433130874,322.5,322,321.5,321,320.5,323.5,324,324.5,325,325.5
1683162320443782934,322.5,322,321.5,321,320.5,323.5,324,324.5,325,325.5
1683162320454438862,322.5,322,321.5,321,320.5,323.5,324,324.5,325,325.5
1683162322977641359,322.5,322,321.5,321,320.5,323.5,324,324.5,325,325.5
1683162323792883866,322.5,322,321.5,321,320.5,323,323.5,324,324.5,325
1683162325775282783,322.5,322,321.5,321,320.5,323,323.5,324,324.5,325
1683162325878750233,322.5,322,321.5,321,320.5,323,323.5,324,324.5,325
1683162328465661410,322.5,322,321.5,321,320.5,323,323.5,324,324.5,325
1683162330003626028,322.5,322,321.5,321,320.5,323,323.5,324,324.5,325
1683162330003626028,322.5,322,321.5,321,320.5,323,323.5,324,324.5,325
1683162330567737452,322.5,322,321.5,321,320.5,323,323.5,324,324.5,325
1683162330786938463,322.5,322,321.5,321,320.5,323,323.5,324,324.5,325
1683162331075979506,322.5,322,321.5,321,320.5,323,323.5,324,324.5,325
1683162332311280764,322.5,322,321.5,321,320.5,323,323.5,324,324.5,325
1683162332549378105,322.5,322,321.5,321,320.5,323,323.5,324,324.5,325
1683162333334478246,322.5,322,321.5,321,320.5,323,323.5,324,324.5,325
1683162335417377542,322.5,322,321.5,321,320.5,323,323.5,324,324.5,325
1683162335544471082,322.5,322,321.5,321,320.5,323,323.5,324,324.5,325
1683162335587401288,322.5,322,321.5,321,320.5,323,323.5,324,324.5,325
1683162336935216622,322.5,322,321.5,321,320.5,323,323.5,324,324.5,325
1683162337965099036,322.5,322,321.5,321,320.5,323,323.5,324,324.5,325
1683162339771646264,322.5,322,321.5,321,320.5,323,323.5,324,324.5,325
1683162341755060096,322.5,322,321.5,321,320.5,323,323.5,324,324.5,325
1683162342104130720,322.5,322,321.5,321,320.5,323,323.5,324,324.5,325
1683162342177105136,322.5,322,321.5,321,320.5,323,323.5,324,324.5,325
1683162343972007810,322.5,322,321.5,321,320.5,323,323.5,324,324.5,325
1683162344506803290,322.5,322,321.5,321,320.5,323,323.5,324,324.5,325
1683162344518996214,322.5,322,321.5,321,320.5,323,323.5,324,324.5,325
1683162344786125545,322.5,322,321.5,321,320.5,323,323.5,324,324.5,325
1683162345827844864,322.5,322,321.5,321,320.5,323,323.5,324,324.5,325
1683162346329421493,322.5,322,321.5,321,320.5,323,323.5,324,324.5,325
1683162346458397959,322.5,322,321.5,321,320.5,323,323.5,324,324.5,325
1683162346491050106,322.5,322,321.5,321,320.5,323.5,324,324.5,325,325.5
1683162346513580760,322.5,322,321.5,321,320.5,323.5,324,324.5,325,325.5
1683162348039519758,322.5,322,321.5,321,320.5,323.5,324,324.5,325,325.5
1683162348155358296,322.5,322,321.5,321,320.5,323.5,324,324.5,325,325.5
1683162349072560021,322.5,322,321.5,321,320.5,323.5,324,324.5,325,325.5
1683162350015651116,323,322.5,322,321.5,321,323.5,324,324.5,325,325.5
1683162350038351759,323,322.5,322,321.5,321,323.5,324,324.5,325,325.5
1683162350050492133,323,322.5,322,321.5,321,323.5,324,324.5,325,325.5
1683162350070974731,323,322.5,322,321.5,321,323.5,324,324.5,325,325.5
1683162350117053920,323,322.5,322,321.5,321,323.5,324,324.5,325,325.5
1683162355354009772,323,322.5,322,321.5,321,323.5,324,324.5,325,325.5
1683162355929365728,323,322.5,322,321.5,321,323.5,324,324.5,325,325.5
1683162356318046153,323,322.5,322,321.5,321,323.5,324,324.5,325,325.5
1683162356912637286,323,322.5,322,321.5,321,324,324.5,325,325.5,326
1683162356945794722,323,322.5,322,321.5,321,324,324.5,325,325.5,326
1683162357929391490,323,322.5,322,321.5,321,324,324.5,325,325.5,326
1683162358398208550,323.5,323,322.5,322,321.5,324,324.5,325,325.5,326
1683162358418674486,323.5,323,322.5,322,321.5,324,324.5,325,325.5,326
1683162358418674486,323,322.5,322,321.5,321,324,324.5,325,325.5,326
1683162358429054906,323,322.5,322,321.5,321,324,324.5,325,325.5,326
1683162358429089341,323,322.5,322,321.5,321,324,324.5,325,325.5,326
1683162358441265112,323,322.5,322,321.5,321,324,324.5,325,325.5,326
1683162358441299467,323,322.5,322,321.5,321,324,324.5,325,325.5,326
1683162358618386515,323,322.5,322,321.5,321,324,324.5,325,325.5,326
1683162358628704758,323,322.5,322,321.5,321,324,324.5,325,325.5,326
1683162358628809946,323,322.5,322,321.5,321,324,324.5,325,325.5,326
1683162358628809946,323,322.5,322,321.5,321,324,324.5,325,325.5,326
1683162359659964899,323,322.5,322,321.5,321,324,324.5,325,325.5,326
1683162361881170107,323,322.5,322,321.5,321,324,324.5,325,325.5,326
1683162364403299629,323,322.5,322,321.5,321,324,324.5,325,325.5,326
1683162366677863944,323.5,323,322.5,322,321.5,324,324.5,325,325.5,326
1683162366697982769,323.5,323,322.5,322,321.5,324,324.5,325,325.5,326
1683162366697982769,323,322.5,322,321.5,321,324,324.5,325,325.5,326
1683162366719483639,323,322.5,322,321.5,321,324,324.5,325,325.5,326
1683162366719483639,323,322.5,322,321.5,321,324,324.5,325,325.5,326
1683162366742375180,323,322.5,322,321.5,321,324,324.5,325,325.5,326
1683162367275648733,323,322.5,322,321.5,321,324,324.5,325,325.5,326
1683162369630059136,323.5,323,322.5,322,321.5,324,324.5,325,325.5,326
1683162369652205758,323.5,323,322.5,322,321.5,324,324.5,325,325.5,326
1683162369652205758,323,322.5,322,321.5,321,324,324.5,325,325.5,326
1683162369674704482,323,322.5,322,321.5,321,324,324.5,325,325.5,326
1683162369674717486,323,322.5,322,321.5,321,324,324.5,325,325.5,326
1683162369707485020,323,322.5,322,321.5,321,324,324.5,325,325.5,326
1683162373460684024,323,322.5,322,321.5,321,324,324.5,325,325.5,326
1683162373990944981,323,322.5,322,321.5,321,324,324.5,325,325.5,326
1683162374252039230,323,322.5,322,321.5,321,324,324.5,325,325.5,326
1683162374339500427,323,322.5,322,321.5,321,324,324.5,325,325.5,326
1683162374947302825,323,322.5,322,321.5,321,323.5,324,324.5,325,325.5
1683162375101032127,323,322.5,322,321.5,321,323.5,324,324.5,325,325.5
1683162375433825458,323,322.5,322,321.5,321,323.5,324,324.5,325,325.5
1683162375606846652,323,322.5,322,321.5,321,323.5,324,324.5,325,325.5
1683162377095826045,322.5,322,321.5,321,320.5,323,323.5,324,324.5,325
1683162377138839567,322.5,322,321.5,321,320.5,323,323.5,324,324.5,325
1683162377169510124,322.5,322,321.5,321,320.5,323,323.5,324,324.5,325
1683162380095081537,322.5,322,321.5,321,320.5,323,323.5,324,324.5,325
1683162381146695794,322.5,322,321.5,321,320.5,323,323.5,324,324.5,325
1683162388135501672,322.5,322,321.5,321,320.5,323,323.5,324,324.5,325
1683162389826612997,322.5,322,321.5,321,320.5,323,323.5,324,324.5,325
1683162390386525657,322.5,322,321.5,321,320.5,323,323.5,324,324.5,325
1683162391330534254,322.5,322,321.5,321,320.5,323,323.5,324,324.5,325
1683162392995556575,322.5,322,321.5,321,320.5,323,323.5,324,324.5,325
1683162394395378986,322.5,322,321.5,321,320.5,323,323.5,324,324.5,325
1683162395604700234,322.5,322,321.5,321,320.5,323,323.5,324,324.5,325
1683162395851480287,322.5,322,321.5,321,320.5,323,323.5,324,324.5,325
1683162396432253495,322.5,322,321.5,321,320.5,323,323.5,324,324.5,325
1683162397555460154,322.5,322,321.5,321,320.5,323,323.5,324,324.5,325
1683162399513332718,322.5,322,321.5,321,320.5,323,323.5,324,324.5,325
1683162404942579492,322.5,322,321.5,321,320.5,323,323.5,324,324.5,325
1683162410410902927,322.5,322,321.5,321,320.5,323.5,324,324.5,325,325.5
1683162410431418156,322.5,322,321.5,321,320.5,323.5,324,324.5,325,325.5
1683162412609458557,322.5,322,321.5,321,320.5,323,323.5,324,324.5,325
1683162412738486549,322.5,322,321.5,321,320.5,323,323.5,324,324.5,325
1683162415622095693,322.5,322,321.5,321,320.5,323,323.5,324,324.5,325
1683162416487377884,323,322.5,322,321.5,321,323.5,324,324.5,325,325.5
1683162416518525146,323,322.5,322,321.5,321,323.5,324,324.5,325,325.5
1683162416518525146,322.5,322,321.5,321,320.5,323.5,324,324.5,325,325.5
1683162416548815238,322.5,322,321.5,321,320.5,323.5,324,324.5,325,325.5
1683162416548815238,322.5,322,321.5,321,320.5,323.5,324,324.5,325,325.5
1683162416570048686,322.5,322,321.5,321,320.5,323.5,324,324.5,325,325.5
1683162417997105222,322.5,322,321.5,321,320.5,323,323.5,324,324.5,325
1683162420187196229,322.5,322,321.5,321,320.5,323,323.5,324,324.5,325
1683162422023307214,322.5,322,321.5,321,320.5,323,323.5,324,324.5,325
1683162422539325558,322.5,322,321.5,321,320.5,323,323.5,324,324.5,325
1683162422870035418,322.5,322,321.5,321,320.5,323,323.5,324,324.5,325
1683162423274981653,322.5,322,321.5,321,320.5,323,323.5,324,324.5,325
1683162424859771178,322.5,322,321.5,321,320.5,323,323.5,324,324.5,325
1683162424882283367,322.5,322,321.5,321,320.5,323,323.5,324,324.5,325
1683162424882299527,322,321.5,321,320.5,320,323,323.5,324,324.5,325
1683162424892753766,322,321.5,321,320.5,320,322.5,323,323.5,324,324.5
1683162424892753766,322,321.5,321,320.5,320,322.5,323,323.5,324,324.5
1683162424904603916,322,321.5,321,320.5,320,322.5,323,323.5,324,324.5
1683162424915086638,322,321.5,321,320.5,320,322.5,323,323.5,324,324.5
1683162424925260871,322,321.5,321,320.5,320,322.5,323,323.5,324,324.5
1683162424925314873,322,321.5,321,320.5,320,322.5,323,323.5,324,324.5
1683162424925314873,322,321.5,321,320.5,320,322.5,323,323.5,324,324.5
1683162424971299704,322,321.5,321,320.5,320,322.5,323,323.5,324,324.5
1683162425437261862,322,321.5,321,320.5,320,322.5,323,323.5,324,324.5
1683162425635923088,322,321.5,321,320.5,320,322.5,323,323.5,324,324.5
1683162425658384391,322,321.5,321,320.5,320,322.5,323,323.5,324,324.5
1683162426308758792,322,321.5,321,320.5,320,322.5,323,323.5,324,324.5
1683162426343403260,322,321.5,321,320.5,320,322.5,323,323.5,324,324.5
1683162428976023598,322,321.5,321,320.5,320,322.5,323,323.5,324,324.5
1683162429840910887,322,321.5,321,320.5,320,322.5,323,323.5,324,324.5
1683162430466937091,322,321.5,321,320.5,320,322.5,323,323.5,324,324.5
1683162430647609872,322,321.5,321,320.5,320,322.5,323,323.5,324,324.5
1683162435160603060,322,321.5,321,320.5,320,322.5,323,323.5,324,324.5
1683162435194984355,322,321.5,321,320.5,320,322.5,323,323.5,324,324.5
1683162435205278463,322,321.5,321,320.5,320,322.5,323,323.5,324,324.5
1683162435408625466,322,321.5,321,320.5,320,322.5,323,323.5,324,324.5
1683162435876100786,322,321.5,321,320.5,320,322.5,323,323.5,324,324.5
1683162436751585212,322,321.5,321,320.5,320,322.5,323,323.5,324,324.5
1683162437236840947,322,321.5,321,320.5,320,322.5,323,323.5,324,324.5
1683162438344952332,322,321.5,321,320.5,320,322.5,323,323.5,324,324.5
1683162438400193813,322,321.5,321,320.5,320,322.5,323,323.5,324,324.5
1683162438455533248,322,321.5,321,320.5,320,322.5,323,323.5,324,324.5
1683162440118600627,322,321.5,321,320.5,320,322.5,323,323.5,324,324.5
1683162440174258631,322,321.5,321,320.5,320,322.5,323,323.5,324,324.5
1683162443544788805,322,321.5,321,320.5,320,322.5,323,323.5,324,324.5
1683162446440933114,322,321.5,321,320.5,320,322.5,323,323.5,324,324.5
1683162446712999284,322,321.5,321,320.5,320,322.5,323,323.5,324,324.5
1683162448843503260,322,321.5,321,320.5,320,322.5,323,323.5,324,324.5
1683162448855286183,322,321.5,321,320.5,320,322.5,323,323.5,324,324.5
1683162449728176699,322,321.5,321,320.5,320,322.5,323,323.5,324,324.5
1683162450351457509,322,321.5,321,320.5,320,322.5,323,323.5,324,324.5
1683162450742608232,322,321.5,321,320.5,320,322.5,323,323.5,324,324.5
1683162450926854973,322,321.5,321,320.5,320,322.5,323,323.5,324,324.5
1683162450996451196,322,321.5,321,320.5,320,322.5,323,323.5,324,324.5
1683162453510140710,322,321.5,321,320.5,320,322.5,323,323.5,324,324.5
1683162456332662876,322,321.5,321,320.5,320,322.5,323,323.5,324,324.5
1683162458091547500,322,321.5,321,320.5,320,322.5,323,323.5,324,324.5
1683162461053335321,322,321.5,321,320.5,320,322.5,323,323.5,324,324.5
1683162461063573254,322,321.5,321,320.5,320,322.5,323,323.5,324,324.5
1683162461086260591,322,321.5,321,320.5,320,322.5,323,323.5,324,324.5
1683162465783270518,322,321.5,321,320.5,320,322.5,323,323.5,324,324.5
1683162466088472033,322,321.5,321,320.5,320,322.5,323,323.5,324,324.5
1683162466122335625,322,321.5,321,320.5,320,322.5,323,323.5,324,324.5
1683162466122335625,322,321.5,321,320.5,320,322.5,323,323.5,324,324.5
1683162466122335625,322,321.5,321,320.5,320,322.5,323,323.5,324,324.5
1683162466930361381,322,321.5,321,320.5,320,322.5,323,323.5,324,324.5
1683162467834896522,322,321.5,321,320.5,320,322.5,323,323.5,324,324.5
1683162469014073320,322,321.5,321,320.5,320,323,323.5,324,324.5,325
1683162470674293352,322,321.5,321,320.5,320,323,323.5,324,324.5,325
1683162472248921808,322.5,322,321.5,321,320.5,323,323.5,324,324.5,325
1683162472271548171,322.5,322,321.5,321,320.5,323,323.5,324,324.5,325
1683162472271548171,322.5,322,321.5,321,320.5,323,323.5,324,324.5,325
1683162472304136949,322.5,322,321.5,321,320.5,323,323.5,324,324.5,325
1683162474012161880,322.5,322,321.5,321,320.5,323,323.5,324,324.5,325
1683162474242616561,322.5,322,321.5,321,320.5,323,323.5,324,324.5,325
1683162474275618605,322.5,322,321.5,321,320.5,323,323.5,324,324.5,325
1683162474450643221,322.5,322,321.5,321,320.5,323,323.5,324,324.5,325
1683162474514126767,322.5,322,321.5,321,320.5,323,323.5,324,324.5,325
1683162476901981633,322.5,322,321.5,321,320.5,323,323.5,324,324.5,325
1683162477677136481,322.5,322,321.5,321,320.5,323,323.5,324,324.5,325
1683162478736291556,322.5,322,321.5,321,320.5,323,323.5,324,324.5,325
1683162479958795895,322.5,322,321.5,321,320.5,323,323.5,324,324.5,325
1683162483165141084,322.5,322,321.5,321,320.5,323,323.5,324,324.5,325
1683162485775104501,322.5,322,321.5,321,320.5,323,323.5,324,324.5,325
1683162489382597734,322.5,322,321.5,321,320.5,323,323.5,324,324.5,325
1683162490915003433,322.5,322,321.5,321,320.5,323,323.5,324,324.5,325
1683162491155104355,322,321.5,321,320.5,320,323,323.5,324,324.5,325
1683162491185882213,322,321.5,321,320.5,320,323,323.5,324,324.5,325
1683162491216597554,322,321.5,321,320.5,320,323,323.5,324,324.5,325
1683162495461136482,322,321.5,321,320.5,320,323,323.5,324,324.5,325
1683162496566028743,322,321.5,321,320.5,320,323,323.5,324,324.5,325
1683162496711447260,322,321.5,321,320.5,320,322.5,323,323.5,324,324.5
1683162496744321204,322,321.5,321,320.5,320,323,323.5,324,324.5,325
1683162496754914263,322,321.5,321,320.5,320,322.5,323,323.5,324,324.5
1683162496788645467,322,321.5,321,320.5,320,323,323.5,324,324.5,325
1683162500841383119,322,321.5,321,320.5,320,323,323.5,324,324.5,325
1683162501427268525,322,321.5,321,320.5,320,323,323.5,324,324.5,325
1683162504259475945,322,321.5,321,320.5,320,323,323.5,324,324.5,325
1683162505803705403,322,321.5,321,320.5,320,323,323.5,324,324.5,325
1683162508186531056,322,321.5,321,320.5,320,323,323.5,324,324.5,325
1683162515388970613,322,321.5,321,320.5,320,323,323.5,324,324.5,325
1683162517099531204,322,321.5,321,320.5,320,323,323.5,324,324.5,325
1683162522314942116,322,321.5,321,320.5,320,323,323.5,324,324.5,325
1683162524515337418,322,321.5,321,320.5,320,323,323.5,324,324.5,325
1683162524536739272,322,321.5,321,320.5,320,323,323.5,324,324.5,325
1683162527674033971,322,321.5,321,320.5,320,323,323.5,324,324.5,325
1683162529598544073,322.5,322,321.5,321,320.5,323,323.5,324,324.5,325
1683162529631374014,322.5,322,321.5,321,320.5,323,323.5,324,324.5,325
1683162529662020135,322.5,322,321.5,321,320.5,323,323.5,324,324.5,325
1683162529705277114,322.5,322,321.5,321,320.5,323,323.5,324,324.5,325
1683162531437029043,322.5,322,321.5,321,320.5,323,323.5,324,324.5,325
1683162535628084850,322.5,322,321.5,321,320.5,323,323.5,324,324.5,325
1683162537118952776,322.5,322,321.5,321,320.5,323,323.5,324,324.5,325
1683162537777303582,322.5,322,321.5,321,320.5,323,323.5,324,324.5,325
1683162538290379642,322.5,322,321.5,321,320.5,323,323.5,324,324.5,325
1683162538721564252,322.5,322,321.5,321,320.5,323,323.5,324,324.5,325
1683162539644061989,322.5,322,321.5,321,320.5,323,323.5,324,324.5,325
1683162541294139727,322.5,322,321.5,321,320.5,323,323.5,324,324.5,325
1683162544529228654,322.5,322,321.5,321,320.5,323,323.5,324,324.5,325
1683162546150081269,322.5,322,321.5,321,320.5,323,323.5,324,324.5,325
1683162554994522770,322.5,322,321.5,321,320.5,323,323.5,324,324.5,325
1683162555016667108,322.5,322,321.5,321,320.5,323,323.5,324,324.5,325
1683162558766452797,322.5,322,321.5,321,320.5,323,323.5,324,324.5,325
1683162559711987558,322.5,322,321.5,321,320.5,323,323.5,324,324.5,325
1683162560339482780,322.5,322,321.5,321,320.5,323.5,324,324.5,325,325.5
1683162564577844166,322.5,322,321.5,321,320.5,323.5,324,324.5,325,325.5
1683162567370300468,322.5,322,321.5,321,320.5,323.5,324,324.5,325,325.5
1683162567808621297,322.5,322,321.5,321,320.5,323,323.5,324,324.5,325
1683162568219215927,322.5,322,321.5,321,320.5,323,323.5,324,324.5,325
1683162570639074061,322.5,322,321.5,321,320.5,323,323.5,324,324.5,325
1683162571677298115,322.5,322,321.5,321,320.5,323,323.5,324,324.5,325
1683162572189262777,322.5,322,321.5,321,320.5,323,323.5,324,324.5,325
1683162572189262777,322.5,322,321.5,321,320.5,323,323.5,324,324.5,325
1683162572199548870,322.5,322,321.5,321,320.5,323,323.5,324,324.5,325
1683162584315398908,322.5,322,321.5,321,320.5,323,323.5,324,324.5,325
1683162584718092493,322,321.5,321,320.5,320,322.5,323,323.5,324,324.5
1683162584748685775,322,321.5,321,320.5,320,322.5,323,323.5,324,324.5
1683162584761111335,322,321.5,321,320.5,320,322.5,323,323.5,324,324.5
1683162584783660223,322,321.5,321,320.5,320,322.5,323,323.5,324,324.5
1683162589123878665,322,321.5,321,320.5,320,322.5,323,323.5,324,324.5
1683162592166736298,322,321.5,321,320.5,320,322.5,323,323.5,324,324.5
1683162593298184710,322,321.5,321,320.5,320,322.5,323,323.5,324,324.5
1683162593371075880,322,321.5,321,320.5,320,322.5,323,323.5,324,324.5
1683162593564528205,322,321.5,321,320.5,320,322.5,323,323.5,324,324.5
1683162593681198574,322,321.5,321,320.5,320,322.5,323,323.5,324,324.5
1683162595615633930,322,321.5,321,320.5,320,322.5,323,323.5,324,324.5
1683162595625925834,322,321.5,321,320.5,320,322.5,323,323.5,324,324.5
1683162595703871875,322,321.5,321,320.5,320,322.5,323,323.5,324,324.5
1683162596680484999,322,321.5,321,320.5,320,322.5,323,323.5,324,324.5
1683162597063327822,322,321.5,321,320.5,320,322.5,323,323.5,324,324.5
1683162598137763948,322,321.5,321,320.5,320,322.5,323,323.5,324,324.5
1683162600585038237,322,321.5,321,320.5,320,322.5,323,323.5,324,324.5
1683162600817498543,322,321.5,321,320.5,320,322.5,323,323.5,324,324.5
1683162602350353073,322,321.5,321,320.5,320,322.5,323,323.5,324,324.5
1683162602370892618,322,321.5,321,320.5,320,322.5,323,323.5,324,324.5
1683162604022705332,322,321.5,321,320.5,320,322.5,323,323.5,324,324.5
1683162604022705332,322,321.5,321,320.5,320,322.5,323,323.5,324,324.5
1683162604610750713,322,321.5,321,320.5,320,322.5,323,323.5,324,324.5
1683162605984624011,322,321.5,321,320.5,320,322.5,323,323.5,324,324.5
1683162606619540326,322,321.5,321,320.5,320,322.5,323,323.5,324,324.5
1683162606851160575,322,321.5,321,320.5,320,322.5,323,323.5,324,324.5
1683162607123408686,322,321.5,321,320.5,320,322.5,323,323.5,324,324.5
1683162607215533109,322,321.5,321,320.5,320,322.5,323,323.5,324,324.5
1683162607717223320,322,321.5,321,320.5,320,322.5,323,323.5,324,324.5
1683162608756876837,322,321.5,321,320.5,320,322.5,323,323.5,324,324.5
1683162610581431111,322,321.5,321,320.5,320,322.5,323,323.5,324,324.5
1683162610907208098,322,321.5,321,320.5,320,322.5,323,323.5,324,324.5
1683162613414933249,321.5,321,320.5,320,319.5,322.5,323,323.5,324,324.5
1683162613435441435,321.5,321,320.5,320,319.5,322.5,323,323.5,324,324.5
1683162613435563264,321.5,321,320.5,320,319.5,322.5,323,323.5,324,324.5
1683162613445773685,321.5,321,320.5,320,319.5,322.5,323,323.5,324,324.5
1683162613455863660,321.5,321,320.5,320,319.5,322.5,323,323.5,324,324.5
1683162616590419875,321.5,321,320.5,320,319.5,322,322.5,323,323.5,324
1683162616610949512,321.5,321,320.5,320,319.5,322,322.5,323,323.5,324
1683162616651781427,321.5,321,320.5,320,319.5,322,322.5,323,323.5,324
1683162618570825464,321.5,321,320.5,320,319.5,322,322.5,323,323.5,324
1683162619643872171,321.5,321,320.5,320,319.5,322,322.5,323,323.5,324
1683162621182220425,321.5,321,320.5,320,319.5,322,322.5,323,323.5,324
1683162622285778920,321.5,321,320.5,320,319.5,322,322.5,323,323.5,324
1683162623977482914,321.5,321,320.5,320,319.5,322,322.5,323,323.5,324
1683162624106102800,321.5,321,320.5,320,319.5,322,322.5,323,323.5,324
1683162624376922840,321.5,321,320.5,320,319.5,322,322.5,323,323.5,324
1683162624376922840,321.5,321,320.5,320,319.5,322,322.5,323,323.5,324
1683162624399536770,321.5,321,320.5,320,319.5,322,322.5,323,323.5,324
1683162624903285336,321.5,321,320.5,320,319.5,322,322.5,323,323.5,324
1683162625846479432,321.5,321,320.5,320,319.5,322,322.5,323,323.5,324
1683162625867151505,321.5,321,320.5,320,319.5,322,322.5,323,323.5,324
1683162625934689915,321.5,321,320.5,320,319.5,322,322.5,323,323.5,324
1683162628473013808,321.5,321,320.5,320,319.5,322,322.5,323,323.5,324
1683162631132741869,321.5,321,320.5,320,319.5,322,322.5,323,323.5,324
1683162633315575665,321.5,321,320.5,320,319.5,322,322.5,323,323.5,324
1683162633823466779,321.5,321,320.5,320,319.5,322,322.5,323,323.5,324
1683162633844015911,321,320.5,320,319.5,319,322,322.5,323,323.5,324
1683162633864383013,321,320.5,320,319.5,319,322,322.5,323,323.5,324
1683162633876768247,321,320.5,320,319.5,319,322,322.5,323,323.5,324
1683162633876768247,321,320.5,320,319.5,319,322,322.5,323,323.5,324
1683162633887004577,321,320.5,320,319.5,319,322,322.5,323,323.5,324
1683162633887110987,321,320.5,320,319.5,319,322,322.5,323,323.5,324
1683162634016939041,321,320.5,320,319.5,319,321.5,322,322.5,323,323.5
1683162635673721316,321,320.5,320,319.5,319,321.5,322,322.5,323,323.5
1683162636206005590,321,320.5,320,319.5,319,321.5,322,322.5,323,323.5
1683162636700959873,321,320.5,320,319.5,319,321.5,322,322.5,323,323.5
1683162636734170229,321,320.5,320,319.5,319,321.5,322,322.5,323,323.5
1683162636959408275,321,320.5,320,319.5,319,322,322.5,323,323.5,324
1683162637585703122,321.5,321,320.5,320,319.5,322,322.5,323,323.5,324
1683162637616355084,321.5,321,320.5,320,319.5,322,322.5,323,323.5,324
1683162637616355084,321.5,321,320.5,320,319.5,322,322.5,323,323.5,324
1683162637637020035,321.5,321,320.5,320,319.5,322,322.5,323,323.5,324
1683162639200562383,321,320.5,320,319.5,319,322,322.5,323,323.5,324
1683162639223963681,321.5,321,320.5,320,319.5,322,322.5,323,323.5,324
1683162639223963681,321.5,321,320.5,320,319.5,322,322.5,323,323.5,324
1683162639256863373,321.5,321,320.5,320,319.5,322,322.5,323,323.5,324
1683162639636782087,321.5,321,320.5,320,319.5,322,322.5,323,323.5,324
1683162641461987191,321.5,321,320.5,320,319.5,322,322.5,323,323.5,324
1683162642496912050,321.5,321,320.5,320,319.5,322,322.5,323,323.5,324
1683162643051892268,321.5,321,320.5,320,319.5,322,322.5,323,323.5,324
1683162643062066651,321.5,321,320.5,320,319.5,322,322.5,323,323.5,324
1683162643072529937,321.5,321,320.5,320,319.5,322,322.5,323,323.5,324
1683162643195622806,321,320.5,320,319.5,319,322,322.5,323,323.5,324
1683162643217652919,321,320.5,320,319.5,319,322,322.5,323,323.5,324
1683162643217652919,321,320.5,320,319.5,319,322,322.5,323,323.5,324
1683162643238194007,321,320.5,320,319.5,319,322,322.5,323,323.5,324
1683162643248430407,321,320.5,320,319.5,319,322,322.5,323,323.5,324
1683162643943785942,321.5,321,320.5,320,319.5,322,322.5,323,323.5,324
1683162643964192247,321.5,321,320.5,320,319.5,322,322.5,323,323.5,324
1683162643986943906,321.5,321,320.5,320,319.5,322,322.5,323,323.5,324
1683162647079302500,321.5,321,320.5,320,319.5,322,322.5,323,323.5,324
1683162648231394963,321.5,321,320.5,320,319.5,322,322.5,323,323.5,324
1683162648253942227,321.5,321,320.5,320,319.5,322,322.5,323,323.5,324
1683162650948114950,321.5,321,320.5,320,319.5,322,322.5,323,323.5,324
1683162651921075085,321.5,321,320.5,320,319.5,322,322.5,323,323.5,324
1683162652827054346,321.5,321,320.5,320,319.5,322,322.5,323,323.5,324
1683162653804482730,321.5,321,320.5,320,319.5,322,322.5,323,323.5,324
1683162654070200410,321.5,321,320.5,320,319.5,322,322.5,323,323.5,324
1683162654588363490,321.5,321,320.5,320,319.5,322,322.5,323,323.5,324
1683162655460869282,321.5,321,320.5,320,319.5,322,322.5,323,323.5,324
1683162655632194892,321.5,321,320.5,320,319.5,322,322.5,323,323.5,324
1683162656248487129,321.5,321,320.5,320,319.5,322,322.5,323,323.5,324
1683162656719281650,321.5,321,320.5,320,319.5,322,322.5,323,323.5,324
1683162656947649352,321.5,321,320.5,320,319.5,322,322.5,323,323.5,324
1683162657810913551,321.5,321,320.5,320,319.5,322,322.5,323,323.5,324
1683162658536005850,321.5,321,320.5,320,319.5,322,322.5,323,323.5,324
1683162658536005850,321.5,321,320.5,320,319.5,322,322.5,323,323.5,324
1683162665706119925,321.5,321,320.5,320,319.5,322,322.5,323,323.5,324
1683162668997343807,321.5,321,320.5,320,319.5,322,322.5,323,323.5,324
1683162670751314302,321.5,321,320.5,320,319.5,322.5,323,323.5,324,324.5
1683162670784262926,321.5,321,320.5,320,319.5,322.5,323,323.5,324,324.5
1683162671030936849,321.5,321,320.5,320,319.5,322,322.5,323,323.5,324
1683162674602824504,321.5,321,320.5,320,319.5,322,322.5,323,323.5,324
1683162674889512107,321.5,321,320.5,320,319.5,322,322.5,323,323.5,324
1683162679103229337,321.5,321,320.5,320,319.5,322.5,323,323.5,324,324.5
1683162679569302844,321.5,321,320.5,320,319.5,322,322.5,323,323.5,324
1683162679603282023,321.5,321,320.5,320,319.5,322,322.5,323,323.5,324
1683162682025652321,321.5,321,320.5,320,319.5,322,322.5,323,323.5,324
1683162682035991434,321.5,321,320.5,320,319.5,322,322.5,323,323.5,324
1683162683876030049,321.5,321,320.5,320,319.5,322,322.5,323,323.5,324
1683162685383916979,321,320.5,320,319.5,319,321.5,322,322.5,323,323.5
1683162685416337191,321,320.5,320,319.5,319,321.5,322,322.5,323,323.5
1683162685426520741,321,320.5,320,319.5,319,321.5,322,322.5,323,323.5
1683162685449173865,321,320.5,320,319.5,319,321.5,322,322.5,323,323.5
1683162694475751301,321,320.5,320,319.5,319,321.5,322,322.5,323,323.5
1683162696129344087,321,320.5,320,319.5,319,321.5,322,322.5,323,323.5
1683162696904891139,321,320.5,320,319.5,319,321.5,322,322.5,323,323.5
1683162698269472228,321,320.5,320,319.5,319,322,322.5,323,323.5,324
1683162698300330097,321,320.5,320,319.5,319,322,322.5,323,323.5,324
1683162700091199883,321.5,321,320.5,320,319.5,322,322.5,323,323.5,324
1683162700124100487,321.5,321,320.5,320,319.5,322,322.5,323,323.5,324
1683162700124100487,321.5,321,320.5,320,319.5,322,322.5,323,323.5,324
1683162700144678705,321.5,321,320.5,320,319.5,322,322.5,323,323.5,324
1683162703043446082,321,320.5,320,319.5,319,322,322.5,323,323.5,324
1683162703074255830,321,320.5,320,319.5,319,322,322.5,323,323.5,324
1683162703084510044,321,320.5,320,319.5,319,322,322.5,323,323.5,324
1683162703104959770,321,320.5,320,319.5,319,322,322.5,323,323.5,324
1683162703137746450,321,320.5,320,319.5,319,322,322.5,323,323.5,324
1683162707548197916,321,320.5,320,319.5,319,321.5,322,322.5,323,323.5
1683162710908946927,321,320.5,320,319.5,319,321.5,322,322.5,323,323.5
1683162711003196470,321,320.5,320,319.5,319,321.5,322,322.5,323,323.5
1683162711013424704,321,320.5,320,319.5,319,321.5,322,322.5,323,323.5
1683162711105546331,321,320.5,320,319.5,319,321.5,322,322.5,323,323.5
1683162715170976327,321,320.5,320,319.5,319,321.5,322,322.5,323,323.5
1683162715191456981,321,320.5,320,319.5,319,321.5,322,322.5,323,323.5
1683162717553362470,321,320.5,320,319.5,319,321.5,322,322.5,323,323.5
1683162722604170996,321,320.5,320,319.5,319,321.5,322,322.5,323,323.5
1683162722731158988,321,320.5,320,319.5,319,321.5,322,322.5,323,323.5
1683162723754255428,321,320.5,320,319.5,319,321.5,322,322.5,323,323.5
1683162725498106611,321,320.5,320,319.5,319,321.5,322,322.5,323,323.5
1683162726151387307,321,320.5,320,319.5,319,321.5,322,322.5,323,323.5
1683162727775556587,321,320.5,320,319.5,319,321.5,322,322.5,323,323.5
1683162728203561286,321,320.5,320,319.5,319,321.5,322,322.5,323,323.5
1683162728424571683,321,320.5,320,319.5,319,321.5,322,322.5,323,323.5
1683162730817882528,321,320.5,320,319.5,319,321.5,322,322.5,323,323.5
1683162731546723876,321,320.5,320,319.5,319,322,322.5,323,323.5,324
1683162731577661635,321,320.5,320,319.5,319,322,322.5,323,323.5,324
1683162731655505945,321.5,321,320.5,320,319.5,322,322.5,323,323.5,324
1683162731690352212,321.5,321,320.5,320,319.5,322,322.5,323,323.5,324
1683162731690464803,321,320.5,320,319.5,319,322,322.5,323,323.5,324
1683162731723361780,321,320.5,320,319.5,319,322,322.5,323,323.5,324
1683162731723428536,321,320.5,320,319.5,319,322,322.5,323,323.5,324
1683162731723428536,321,320.5,320,319.5,319,322,322.5,323,323.5,324
1683162731723428536,321,320.5,320,319.5,319,322,322.5,323,323.5,324
1683162731757877918,321,320.5,320,319.5,319,322,322.5,323,323.5,324
1683162731757877918,321,320.5,320,319.5,319,322,322.5,323,323.5,324
1683162734096748336,321,320.5,320,319.5,319,322,322.5,323,323.5,324
1683162734129433906,321,320.5,320,319.5,319,322,322.5,323,323.5,324
1683162736164219997,321,320.5,320,319.5,319,322,322.5,323,323.5,324
1683162738159905654,321,320.5,320,319.5,319,322,322.5,323,323.5,324
1683162740188873550,321,320.5,320,319.5,319,322,322.5,323,323.5,324
1683162743259788911,321,320.5,320,319.5,319,321.5,322,322.5,323,323.5
1683162743282198437,321,320.5,320,319.5,319,321.5,322,322.5,323,323.5
1683162743282222763,321,320.5,320,319.5,319,321.5,322,322.5,323,323.5
1683162744173108574,321,320.5,320,319.5,319,321.5,322,322.5,323,323.5
1683162744186734718,321,320.5,320,319.5,319,321.5,322,322.5,323,323.5
1683162745351506867,321,320.5,320,319.5,319,321.5,322,322.5,323,323.5
1683162746777099310,321,320.5,320,319.5,319,321.5,322,322.5,323,323.5
1683162746799699173,320.5,320,319.5,319,318.5,321.5,322,322.5,323,323.5
1683162746799699173,320.5,320,319.5,319,318.5,321,321.5,322,322.5,323
1683162746820469271,320.5,320,319.5,319,318.5,321,321.5,322,322.5,323
1683162746820469271,320.5,320,319.5,319,318.5,321,321.5,322,322.5,323
1683162746842612878,320.5,320,319.5,319,318.5,321,321.5,322,322.5,323
1683162746842612878,320.5,320,319.5,319,318.5,321,321.5,322,322.5,323
1683162746842612878,320.5,320,319.5,319,318.5,321,321.5,322,322.5,323
1683162746875267069,320,319.5,319,318.5,318,321,321.5,322,322.5,323
1683162746896206936,320,319.5,319,318.5,318,321,321.5,322,322.5,323
1683162746906069965,320,319.5,319,318.5,318,321,321.5,322,322.5,323
1683162746926565156,320,319.5,319,318.5,318,321,321.5,322,322.5,323
1683162748998094987,320,319.5,319,318.5,318,321,321.5,322,322.5,323
1683162749009885505,320,319.5,319,318.5,318,321,321.5,322,322.5,323
1683162752303975867,320,319.5,319,318.5,318,321.5,322,322.5,323,323.5
1683162754208388640,320,319.5,319,318.5,318,321.5,322,322.5,323,323.5
1683162754231820826,320,319.5,319,318.5,318,321.5,322,322.5,323,323.5
1683162754525295362,320,319.5,319,318.5,318,321.5,322,322.5,323,323.5
1683162755239355086,320.5,320,319.5,319,318.5,321.5,322,322.5,323,323.5
1683162755270109149,320,319.5,319,318.5,318,321.5,322,322.5,323,323.5
1683162755270109149,320,319.5,319,318.5,318,321.5,322,322.5,323,323.5
1683162755280301005,320,319.5,319,318.5,318,321.5,322,322.5,323,323.5
1683162757382734020,320,319.5,319,318.5,318,321.5,322,322.5,323,323.5
1683162757417566621,320,319.5,319,318.5,318,321.5,322,322.5,323,323.5
1683162758148765665,320,319.5,319,318.5,318,321.5,322,322.5,323,323.5
1683162759591651568,320,319.5,319,318.5,318,321.5,322,322.5,323,323.5
1683162760007366612,320,319.5,319,318.5,318,321.5,322,322.5,323,323.5
1683162760042344276,320,319.5,319,318.5,318,321.5,322,322.5,323,323.5
1683162764480363090,320,319.5,319,318.5,318,321.5,322,322.5,323,323.5
1683162766159360775,320,319.5,319,318.5,318,321.5,322,322.5,323,323.5
1683162766737045508,320,319.5,319,318.5,318,321.5,322,322.5,323,323.5
1683162767603335024,320,319.5,319,318.5,318,321.5,322,322.5,323,323.5
1683162769848051150,320,319.5,319,318.5,318,321.5,322,322.5,323,323.5
1683162771518998745,320,319.5,319,318.5,318,320.5,321.5,322,322.5,323
1683162771539654817,320,319.5,319,318.5,318,320.5,321.5,322,322.5,323
1683162771539654817,320,319.5,319,318.5,318,320.5,321.5,322,322.5,323
1683162771559970980,320,319.5,319,318.5,318,320.5,321.5,322,322.5,323
1683162772237833906,320,319.5,319,318.5,318,320.5,321.5,322,322.5,323
1683162772250229909,320,319.5,319,318.5,318,320.5,321.5,322,322.5,323
1683162774458036067,320,319.5,319,318.5,318,320.5,321.5,322,322.5,323
1683162775424728355,320,319.5,319,318.5,318,320.5,321,321.5,322,322.5
1683162777120401673,320,319.5,319,318.5,318,320.5,321,321.5,322,322.5
1683162777185849279,320,319.5,319,318.5,318,320.5,321,321.5,322,322.5
1683162778771186333,320,319.5,319,318.5,318,320.5,321,321.5,322,322.5
1683162780999460178,320,319.5,319,318.5,318,320.5,321,321.5,322,322.5
1683162781435604211,320,319.5,319,318.5,318,320.5,321,321.5,322,322.5
1683162781456115972,320,319.5,319,318.5,318,320.5,321,321.5,322,322.5
1683162786281227626,320,319.5,319,318.5,318,320.5,321,321.5,322,322.5
1683162787483412758,320,319.5,319,318.5,318,320.5,321,321.5,322,322.5
1683162788755222079,320,319.5,319,318.5,318,320.5,321,321.5,322,322.5
1683162789302062362,320,319.5,319,318.5,318,320.5,321,321.5,322,322.5
1683162789324556104,320,319.5,319,318.5,318,320.5,321,321.5,322,322.5
1683162789334862434,320,319.5,319,318.5,318,320.5,321,321.5,322,322.5
1683162793869301355,320,319.5,319,318.5,318,320.5,321,321.5,322,322.5
1683162794278891584,320,319.5,319,318.5,318,320.5,321,321.5,322,322.5
1683162794299331610,320,319.5,319,318.5,318,321,321.5,322,322.5,323
1683162799663073584,320,319.5,319,318.5,318,321,321.5,322,322.5,323
1683162799693799863,320,319.5,319,318.5,318,321,321.5,322,322.5,323
1683162799693799863,320,319.5,319,318.5,318,321,321.5,322,322.5,323
1683162805399584817,320,319.5,319,318.5,318,321,321.5,322,322.5,323
1683162808461481687,320,319.5,319,318.5,318,321,321.5,322,322.5,323
1683162811441305015,320,319.5,319,318.5,318,321,321.5,322,322.5,323
1683162813773901146,320,319.5,319,318.5,318,321,321.5,322,322.5,323
1683162814316827240,320,319.5,319,318.5,318,321,321.5,322,322.5,323
1683162817830997346,320,319.5,319,318.5,318,321,321.5,322,322.5,323
1683162819074156076,320,319.5,319,318.5,318,320.5,321,321.5,322,322.5
1683162820371102932,320,319.5,319,318.5,318,320.5,321,321.5,322,322.5
1683162823117034082,320,319.5,319,318.5,318,320.5,321,321.5,322,322.5
1683162823149814346,320,319.5,319,318.5,318,320.5,321,321.5,322,322.5
1683162825616630623,320,319.5,319,318.5,318,320.5,321,321.5,322,322.5
1683162825856207454,320,319.5,319,318.5,318,320.5,321,321.5,322,322.5
1683162829716620465,320,319.5,319,318.5,318,320.5,321,321.5,322,322.5
1683162829997242288,320,319.5,319,318.5,318,320.5,321,321.5,322,322.5
1683162830134535023,320,319.5,319,318.5,318,320.5,321,321.5,322,322.5
1683162830849378280,320,319.5,319,318.5,318,320.5,321,321.5,322,322.5
1683162836417926216,320,319.5,319,318.5,318,320.5,321,321.5,322,322.5
1683162839598390175,320,319.5,319,318.5,318,320.5,321,321.5,322,322.5
1683162844536368458,320,319.5,319,318.5,318,320.5,321,321.5,322,322.5
1683162845312400305,320,319.5,319,318.5,318,320.5,321,321.5,322,322.5
1683162850336255311,320,319.5,319,318.5,318,320.5,321,321.5,322,322.5
1683162857248288942,320,319.5,319,318.5,318,320.5,321,321.5,322,322.5
1683162858894910467,320,319.5,319,318.5,318,320.5,321,321.5,322,322.5
1683162863046612540,320,319.5,319,318.5,318,320.5,321,321.5,322,322.5
1683162868645574321,320,319.5,319,318.5,318,320.5,321,321.5,322,322.5
1683162870054536525,320,319.5,319,318.5,318,320.5,321,321.5,322,322.5
1683162871498378665,320,319.5,319,318.5,318,320.5,321,321.5,322,322.5
1683162871572281557,320,319.5,319,318.5,318,320.5,321,321.5,322,322.5
1683162876899069786,320,319.5,319,318.5,318,320.5,321,321.5,322,322.5
1683162881046285127,320,319.5,319,318.5,318,320.5,321,321.5,322,322.5
1683162885257019974,320,319.5,319,318.5,318,320.5,321,321.5,322,322.5
1683162886735670207,320,319.5,319,318.5,318,320.5,321,321.5,322,322.5
1683162887450439445,320,319.5,319,318.5,318,320.5,321,321.5,322,322.5
1683162896038891447,320,319.5,319,318.5,318,320.5,321,321.5,322,322.5
1683162900524082954,320,319.5,319,318.5,318,320.5,321,321.5,322,322.5
1683162901019755642,320,319.5,319,318.5,318,320.5,321,321.5,322,322.5
1683162909961365995,320,319.5,319,318.5,318,320.5,321,321.5,322,322.5
1683162910135400933,320,319.5,319,318.5,318,320.5,321,321.5,322,322.5
1683162915722455862,320,319.5,319,318.5,318,320.5,321,321.5,322,322.5
1683162918383005272,320,319.5,319,318.5,318,320.5,321,321.5,322,322.5
1683162918413475890,320,319.5,319,318.5,318,320.5,321,321.5,322,322.5
1683162923707691167,320,319.5,319,318.5,318,320.5,321,321.5,322,322.5
1683162923730389012,319.5,319,318.5,318,317.5,320.5,321,321.5,322,322.5
1683162923730389012,319.5,319,318.5,318,317.5,320.5,321,321.5,322,322.5
1683162923752783097,319.5,319,318.5,318,317.5,320.5,321,321.5,322,322.5
1683162923752783097,319.5,319,318.5,318,317.5,320.5,321,321.5,322,322.5
1683162923762962368,319.5,319,318.5,318,317.5,320.5,321,321.5,322,322.5
1683162923775166742,319.5,319,318.5,318,317.5,320.5,321,321.5,322,322.5
1683162924528220819,319.5,319,318.5,318,317.5,320.5,321,321.5,322,322.5
1683162926899439445,319.5,319,318.5,318,317.5,320.5,321,321.5,322,322.5
1683162926934373864,319.5,319,318.5,318,317.5,320.5,321,321.5,322,322.5
1683162927782395412,319.5,319,318.5,318,317.5,320.5,321,321.5,322,322.5
1683162928261650596,319.5,319,318.5,318,317.5,320.5,321,321.5,322,322.5
1683162928988707003,319.5,319,318.5,318,317.5,320,320.5,321,321.5,322
1683162929019167963,319.5,319,318.5,318,317.5,320,320.5,321,321.5,322
1683162929019167963,319.5,319,318.5,318,317.5,320,320.5,321,321.5,322
1683162929049965866,319.5,319,318.5,318,317.5,320,320.5,321,321.5,322
1683162929859927406,319.5,319,318.5,318,317.5,320,320.5,321,321.5,322
1683162931076420974,319.5,319,318.5,318,317.5,320,320.5,321,321.5,322
1683162931410232530,319.5,319,318.5,318,317.5,320,320.5,321,321.5,322
1683162934799711335,319.5,319,318.5,318,317.5,320,320.5,321,321.5,322
1683162934799711335,319.5,319,318.5,318,317.5,320,320.5,321,321.5,322
1683162938234343494,319.5,319,318.5,318,317.5,320,320.5,321,321.5,322
1683162939868610425,319.5,319,318.5,318,317.5,320,320.5,321,321.5,322
1683162949770891748,319.5,319,318.5,318,317.5,320,320.5,321,321.5,322
1683162951926280388,319.5,319,318.5,318,317.5,320,320.5,321,321.5,322
1683162953007556768,319.5,319,318.5,318,317.5,320,320.5,321,321.5,322
1683162958483880824,319.5,319,318.5,318,317.5,320,320.5,321,321.5,322
1683162959260194691,319.5,319,318.5,318,317.5,320,320.5,321,321.5,322
1683162960155270453,319.5,319,318.5,318,317.5,320,320.5,321,321.5,322
1683162962856684166,319.5,319,318.5,318,317.5,320,320.5,321,321.5,322
1683162963254852692,319.5,319,318.5,318,317.5,320,320.5,321,321.5,322
1683162963830454456,319.5,319,318.5,318,317.5,320,320.5,321,321.5,322
1683162964535122700,319.5,319,318.5,318,317.5,320,320.5,321,321.5,322
1683162967658210631,319.5,319,318.5,318,317.5,320,320.5,321,321.5,322
1683162967658223986,319.5,319,318.5,318,317.5,320,320.5,321,321.5,322
1683162967668505118,319.5,319,318.5,318,317.5,320,320.5,321,321.5,322
1683162967668559060,319.5,319,318.5,318,317.5,320,320.5,321,321.5,322
1683162979446632578,319.5,319,318.5,318,317.5,320,320.5,321,321.5,322
1683162980627319250,319.5,319,318.5,318,317.5,320,320.5,321,321.5,322
1683162981317573191,319.5,319,318.5,318,317.5,320,320.5,321,321.5,322
1683162982324075915,319.5,319,318.5,318,317.5,320,320.5,321,321.5,322
1683162982916181405,319.5,319,318.5,318,317.5,320,320.5,321,321.5,322
1683162983331681580,319.5,319,318.5,318,317.5,320,320.5,321,321.5,322
1683162985496584173,319.5,319,318.5,318,317.5,320,320.5,321,321.5,322
1683162988609458959,319.5,319,318.5,318,317.5,320,320.5,321,321.5,322
1683162989756377402,319.5,319,318.5,318,317.5,320,320.5,321,321.5,322
1683162991593455569,319.5,319,318.5,318,317.5,320,320.5,321,321.5,322
1683162993941411061,319.5,319,318.5,318,317.5,320,320.5,321,321.5,322
1683162994146400186,319.5,319,318.5,318,317.5,320,320.5,321,321.5,322
1683162996924359564,319.5,319,318.5,318,317.5,320,320.5,321,321.5,322
1683162999058477339,319.5,319,318.5,318,317.5,320,320.5,321,321.5,322
1683163001256014783,320,319.5,319,318.5,318,320.5,321,321.5,322,322.5
1683163001288800849,320,319.5,319,318.5,318,320.5,321,321.5,322,322.5
1683163004811345165,319.5,319,318.5,318,317.5,320.5,321,321.5,322,322.5
1683163004844182907,319.5,319,318.5,318,317.5,320.5,321,321.5,322,322.5
1683163004844182907,319.5,319,318.5,318,317.5,320.5,321,321.5,322,322.5
1683163004864550006,319.5,319,318.5,318,317.5,320.5,321,321.5,322,322.5
1683163004895247630,319.5,319,318.5,318,317.5,320.5,321,321.5,322,322.5
1683163008616549581,319.5,319,318.5,318,317.5,320,320.5,321,321.5,322
1683163008649253953,319.5,319,318.5,318,317.5,320,320.5,321,321.5,322
1683163017960633985,319.5,319,318.5,318,317.5,320,320.5,321,321.5,322
1683163024203031938,319.5,319,318.5,318,317.5,320,320.5,321,321.5,322
1683163026461508135,319.5,319,318.5,318,317.5,320,320.5,321,321.5,322
1683163030930808713,319.5,319,318.5,318,317.5,320,320.5,321,321.5,322
1683163030965531304,319.5,319,318.5,318,317.5,320,320.5,321,321.5,322
1683163035845992090,319.5,319,318.5,318,317.5,320,320.5,321,321.5,322
1683163036460647427,320,319.5,319,318.5,318,320.5,321,321.5,322,322.5
1683163036493159949,320,319.5,319,318.5,318,320.5,321,321.5,322,322.5
1683163036571073751,320,319.5,319,318.5,318,320.5,321,321.5,322,322.5
1683163037181248776,320,319.5,319,318.5,318,320.5,321,321.5,322,322.5
1683163038806442745,320,319.5,319,318.5,318,320.5,321,321.5,322,322.5
1683163038851502043,320,319.5,319,318.5,318,320.5,321,321.5,322,322.5
1683163044233687831,320,319.5,319,318.5,318,320.5,321,321.5,322,322.5
1683163051166282821,320,319.5,319,318.5,318,320.5,321,321.5,322,322.5
1683163051186741472,320,319.5,319,318.5,318,320.5,321,321.5,322,322.5
1683163051186741472,320,319.5,319,318.5,318,320.5,321,321.5,322,322.5
1683163051207264313,320,319.5,319,318.5,318,320.5,321,321.5,322,322.5
1683163051258463449,320,319.5,319,318.5,318,320.5,321,321.5,322,322.5
1683163061240611433,320,319.5,319,318.5,318,320.5,321,321.5,322,322.5
1683163061260995995,319.5,319,318.5,318,317.5,320.5,321,321.5,322,322.5
1683163061260995995,319.5,319,318.5,318,317.5,320,320.5,321,321.5,322
1683163061281506884,319.5,319,318.5,318,317.5,320,320.5,321,321.5,322
1683163061281506884,319.5,319,318.5,318,317.5,320,320.5,321,321.5,322
1683163061281555665,319,318.5,318,317.5,317,320,320.5,321,321.5,322
1683163061281555665,319,318.5,318,317.5,317,320,320.5,321,321.5,322
1683163061291814937,319,318.5,318,317.5,317,320,320.5,321,321.5,322
1683163061301928084,319,318.5,318,317.5,317,320,320.5,321,321.5,322
1683163061301928084,319,318.5,318,317.5,317,320,320.5,321,321.5,322
1683163061322490700,319,318.5,318,317.5,317,320,320.5,321,321.5,322
1683163061322490700,319,318.5,318,317.5,317,320,320.5,321,321.5,322
1683163061377758815,319,318.5,318,317.5,317,320,320.5,321,321.5,322
1683163061443266155,319,318.5,318,317.5,317,320,320.5,321,321.5,322
1683163061498652452,319,318.5,318,317.5,317,320,320.5,321,321.5,322
1683163061875475141,319,318.5,318,317.5,317,320,320.5,321,321.5,322
1683163063333762786,319,318.5,318,317.5,317,320,320.5,321,321.5,322
1683163066019594468,319,318.5,318,317.5,317,320,320.5,321,321.5,322
1683163067042400362,319,318.5,318,317.5,317,320,320.5,321,321.5,322
1683163074282237326,319,318.5,318,317.5,317,320,320.5,321,321.5,322
1683163076697337554,319.5,319,318.5,318,317.5,320,320.5,321,321.5,322
1683163076731943877,319.5,319,318.5,318,317.5,320,320.5,321,321.5,322
1683163076731943877,319,318.5,318,317.5,317,320,320.5,321,321.5,322
1683163076789153056,319,318.5,318,317.5,317,320,320.5,321,321.5,322
1683163076821976512,319,318.5,318,317.5,317,320,320.5,321,321.5,322
1683163078753275460,319,318.5,318,317.5,317,320,320.5,321,321.5,322
1683163086527599708,319,318.5,318,317.5,317,320,320.5,321,321.5,322
1683163087780948483,319,318.5,318,317.5,317,320,320.5,321,321.5,322
1683163090664534697,319,318.5,318,317.5,317,319.5,320,320.5,321,321.5
1683163090684976847,319,318.5,318,317.5,317,319.5,320,320.5,321,321.5
1683163090684976847,319,318.5,318,317.5,317,319.5,320,320.5,321,321.5
1683163090715679040,319,318.5,318,317.5,317,319.5,320,320.5,321,321.5
1683163091061814044,319,318.5,318,317.5,317,319.5,320,320.5,321,321.5
1683163092069405954,319,318.5,318,317.5,317,319.5,320,320.5,321,321.5
1683163092079631763,319,318.5,318,317.5,317,319.5,320,320.5,321,321.5
1683163094096983904,319,318.5,318,317.5,317,319.5,320,320.5,321,321.5
1683163094727812546,319,318.5,318,317.5,317,319.5,320,320.5,321,321.5
1683163095675928431,319,318.5,318,317.5,317,319.5,320,320.5,321,321.5
1683163095727194913,319,318.5,318,317.5,317,319.5,320,320.5,321,321.5
1683163095737376860,319,318.5,318,317.5,317,319.5,320,320.5,321,321.5
1683163097152552313,319,318.5,318,317.5,317,319.5,320,320.5,321,321.5
1683163097173155004,319,318.5,318,317.5,317,319.5,320,320.5,321,321.5
1683163097290343885,319,318.5,318,317.5,317,319.5,320,320.5,321,321.5
1683163098134560199,319,318.5,318,317.5,317,319.5,320,320.5,321,321.5
1683163100116154146,319,318.5,318,317.5,317,319.5,320,320.5,321,321.5
1683163100915810640,319,318.5,318,317.5,317,319.5,320,320.5,321,321.5
1683163101119176587,319,318.5,318,317.5,317,319.5,320,320.5,321,321.5
1683163102339174727,319,318.5,318,317.5,317,319.5,320,320.5,321,321.5
1683163103207553056,319,318.5,318,317.5,317,319.5,320,320.5,321,321.5
1683163104045024858,319,318.5,318,317.5,317,319.5,320,320.5,321,321.5
1683163104632956772,319,318.5,318,317.5,317,319.5,320,320.5,321,321.5
1683163106531620879,319,318.5,318,317.5,317,319.5,320,320.5,321,321.5
1683163107037633240,319,318.5,318,317.5,317,319.5,320,320.5,321,321.5
1683163111866535019,319,318.5,318,317.5,317,319.5,320,320.5,321,321.5
1683163112331517888,319,318.5,318,317.5,317,319.5,320,320.5,321,321.5
1683163114250456841,319,318.5,318,317.5,317,319.5,320,320.5,321,321.5
1683163114643732691,319,318.5,318,317.5,317,319.5,320,320.5,321,321.5
1683163114653891975,319,318.5,318,317.5,317,319.5,320,320.5,321,321.5
1683163116503366228,319,318.5,318,317.5,317,319.5,320,320.5,321,321.5
1683163117000959423,319,318.5,318,317.5,317,319.5,320,320.5,321,321.5
1683163117031669361,318.5,318,317.5,317,316.5,319.5,320,320.5,321,321.5
1683163117072532631,318.5,318,317.5,317,316.5,319.5,320,320.5,321,321.5
1683163117092991091,318.5,318,317.5,317,316.5,319.5,320,320.5,321,321.5
1683163120468068986,318.5,318,317.5,317,316.5,319.5,320,320.5,321,321.5
1683163122243028779,318.5,318,317.5,317,316.5,319,319.5,320,320.5,321
1683163122273741332,318.5,318,317.5,317,316.5,319,319.5,320,320.5,321
1683163122273741332,318.5,318,317.5,317,316.5,319,319.5,320,320.5,321
1683163122306566020,318.5,318,317.5,317,316.5,319,319.5,320,320.5,321
1683163122347481638,318.5,318,317.5,317,316.5,319,319.5,320,320.5,321
1683163122675042449,318.5,318,317.5,317,316.5,319,319.5,320,320.5,321
1683163124143461567,318.5,318,317.5,317,316.5,319,319.5,320,320.5,321
1683163124143461567,318.5,318,317.5,317,316.5,319,319.5,320,320.5,321
1683163126096181553,318.5,318,317.5,317,316.5,319,319.5,320,320.5,321
1683163128801676605,318.5,318,317.5,317,316.5,319,319.5,320,320.5,321
1683163131259194402,318.5,318,317.5,317,316.5,319,319.5,320,320.5,321
1683163135509950121,318.5,318,317.5,317,316.5,319,319.5,320,320.5,321
1683163138881032935,318.5,318,317.5,317,316.5,319,319.5,320,320.5,321
1683163138950886504,318.5,318,317.5,317,316.5,319,319.5,320,320.5,321
1683163141315496990,318.5,318,317.5,317,316.5,319,319.5,320,320.5,321
1683163142764014222,318.5,318,317.5,317,316.5,319,319.5,320,320.5,321
1683163146552999012,318.5,318,317.5,317,316.5,319,319.5,320,320.5,321
1683163146896932483,318.5,318,317.5,317,316.5,319,319.5,320,320.5,321
1683163150907172918,318.5,318,317.5,317,316.5,319,319.5,320,320.5,321
1683163162432199328,318.5,318,317.5,317,316.5,319,319.5,320,320.5,321
1683163162931943792,318.5,318,317.5,317,316.5,319,319.5,320,320.5,321
1683163164531494548,318.5,318,317.5,317,316.5,319,319.5,320,320.5,321
1683163169137401350,318.5,318,317.5,317,316.5,319,319.5,320,320.5,321
1683163170110269788,318.5,318,317.5,317,316.5,319,319.5,320,320.5,321
1683163175879528639,318.5,318,317.5,317,316.5,319,319.5,320,320.5,321
1683163176039287284,318.5,318,317.5,317,316.5,319.5,320,320.5,321,321.5
1683163178744718838,319,318.5,318,317.5,317,319.5,320,320.5,321,321.5
1683163178765124780,319,318.5,318,317.5,317,319.5,320,320.5,321,321.5
1683163178765124780,319,318.5,318,317.5,317,319.5,320,320.5,321,321.5
1683163180666924696,319,318.5,318,317.5,317,319.5,320,320.5,321,321.5
1683163181682517358,319,318.5,318,317.5,317,319.5,320,320.5,321,321.5
1683163184441276073,319,318.5,318,317.5,317,319.5,320,320.5,321,321.5
1683163184687108831,319,318.5,318,317.5,317,319.5,320,320.5,321,321.5
1683163186046991233,319,318.5,318,317.5,317,319.5,320,320.5,321,321.5
1683163188038535032,319,318.5,318,317.5,317,319.5,320,320.5,321,321.5
1683163190434731351,319,318.5,318,317.5,317,319.5,320,320.5,321,321.5
1683163191022519987,319,318.5,318,317.5,317,319.5,320,320.5,321,321.5
1683163193842735637,319,318.5,318,317.5,317,319.5,320,320.5,321,321.5
1683163195364529015,319,318.5,318,317.5,317,319.5,320,320.5,321,321.5
1683163199483135619,319,318.5,318,317.5,317,319.5,320,320.5,321,321.5
1683163207373026913,319,318.5,318,317.5,317,319.5,320,320.5,321,321.5
1683163210271101333,319,318.5,318,317.5,317,319.5,320,320.5,321,321.5
1683163210502430721,319,318.5,318,317.5,317,319.5,320,320.5,321,321.5
1683163210596474126,319,318.5,318,317.5,317,319.5,320,320.5,321,321.5
1683163212045082731,319,318.5,318,317.5,317,319.5,320,320.5,321,321.5
1683163213016291454,319,318.5,318,317.5,317,319.5,320,320.5,321,321.5
1683163218752865081,319,318.5,318,317.5,317,319.5,320,320.5,321,321.5
1683163220900127561,319,318.5,318,317.5,317,319.5,320,320.5,321,321.5
1683163222231461334,319,318.5,318,317.5,317,319.5,320,320.5,321,321.5
1683163222528342124,319,318.5,318,317.5,317,319.5,320,320.5,321,321.5
1683163233464738578,319,318.5,318,317.5,317,319.5,320,320.5,321,321.5
1683163235147242919,319,318.5,318,317.5,317,319.5,320,320.5,321,321.5
1683163235167716438,319,318.5,318,317.5,317,319.5,320,320.5,321,321.5
1683163238006380837,319,318.5,318,317.5,317,319.5,320,320.5,321,321.5
1683163238038959784,319,318.5,318,317.5,317,319.5,320,320.5,321,321.5
1683163238071765275,319,318.5,318,317.5,317,319.5,320,320.5,321,321.5
1683163241090594822,319,318.5,318,317.5,317,319.5,320,320.5,321,321.5
1683163241238080495,319,318.5,318,317.5,317,319.5,320,320.5,321,321.5
1683163242813196436,319,318.5,318,317.5,317,319.5,320,320.5,321,321.5
1683163247214324453,318.5,318,317.5,317,316.5,319.5,320,320.5,321,321.5
1683163247236833323,318.5,318,317.5,317,316.5,319.5,320,320.5,321,321.5
1683163247259372920,318.5,318,317.5,317,316.5,319.5,320,320.5,321,321.5
1683163248156460712,318.5,318,317.5,317,316.5,319.5,320,320.5,321,321.5
1683163251953344106,318.5,318,317.5,317,316.5,319.5,320,320.5,321,321.5
1683163253173920264,318.5,318,317.5,317,316.5,319.5,320,320.5,321,321.5
1683163253397066989,319,318.5,318,317.5,317,319.5,320,320.5,321,321.5
1683163253430054503,319,318.5,318,317.5,317,319.5,320,320.5,321,321.5
1683163253430054503,319,318.5,318,317.5,317,319.5,320,320.5,321,321.5
1683163254581022291,319,318.5,318,317.5,317,319.5,320,320.5,321,321.5
1683163254730453597,319,318.5,318,317.5,317,319.5,320,320.5,321,321.5
1683163256315520842,319,318.5,318,317.5,317,319.5,320,320.5,321,321.5
1683163258789617259,319,318.5,318,317.5,317,319.5,320,320.5,321,321.5
1683163259627286874,319,318.5,318,317.5,317,319.5,320,320.5,321,321.5
1683163264670434436,319,318.5,318,317.5,317,319.5,320,320.5,321,321.5
1683163265598113252,319,318.5,318,317.5,317,319.5,320,320.5,321,321.5
1683163270135664602,319,318.5,318,317.5,317,319.5,320,320.5,321,321.5
1683163282147395059,319,318.5,318,317.5,317,319.5,320,320.5,321,321.5
1683163288970290367,319,318.5,318,317.5,317,319.5,320,320.5,321,321.5
1683163292913718179,319,318.5,318,317.5,317,319.5,320,320.5,321,321.5
1683163293537403351,319,318.5,318,317.5,317,319.5,320,320.5,321,321.5
1683163296257216600,319,318.5,318,317.5,317,319.5,320,320.5,321,321.5
1683163299927155208,318.5,318,317.5,317,316.5,319.5,320,320.5,321,321.5
1683163299949751683,318.5,318,317.5,317,316.5,319.5,320,320.5,321,321.5
