Timestamp,BidPrice0,BidPrice1,BidPrice2,BidPrice3,BidPrice4,AskPrice0,AskPrice1,AskPrice2,AskPrice3,AskPrice4
1685485811660266934,0,0,0,0,0,0,0,0,0,0
1685493001517423500,0,0,0,0,0,342,0,0,0,0
1685493006543389515,308,301.5,0,0,0,320,325,327,342,0
1685493011557127572,308,301.5,280,0,0,319.5,320,321,325,327
1685493016771279057,312,310,308,301.5,300.5,316,319.5,320,321,322
1685493021985534207,312,311,310,308,301.5,316,319.5,320,320.5,321
1685493027198870951,312,311,310,308,301.5,316,319.5,320,320.5,321
1685493032413173565,312,311,310,308,305,315,316,319.5,320,320.5
1685493037633466527,312,311,310,309,308,315,316,319.5,320,320.5
1685493042655332742,312,311,310,309,308,315,316,318.5,319.5,320
1685493047662744387,312,311,310,309,308,314,315,316,318.5,319.5
1685493052668102497,312,311,310,309,308,314,315,316,317.5,318.5
1685493062707492025,312,311,310,309,308,312.5,314,315,316,317.5
1685493072732482988,311.5,311,310,309,308,312.5,314,315,316,317.5
1685493077762499988,311,310,309,308,307.5,312.5,314,314.5,315,316
1685493097820808732,312,311.5,311,310,309,317.5,318,318.5,319,319.5
1685493102832294749,312,311.5,311,310,309,317.5,318,318.5,319,319.5
1685493122900864672,312,311.5,311,310,309,317.5,318,318.5,319,319.5
1685493132921963772,316.5,312,311.5,311,310,317.5,318,318.5,319,319.5
1685493137951664120,316.5,312,311.5,311,310,317.5,318,318.5,319,319.5
1685493142959276735,316.5,312,311.5,311,310,317.5,318,318.5,319,319.5
1685493147976793958,316.5,312,311.5,311,310,317,317.5,318,318.5,319
1685493183075756192,316.5,312,311.5,311,310,317,317.5,318,318.5,319
1685493193111088500,316.5,312,311.5,311,310,317,317.5,318,318.5,319
1685493203144297551,316.5,312,311.5,311,310,317,317.5,318,318.5,319
1685493213185728671,316.5,312,311.5,311,310,317,317.5,318,318.5,319
1685493253306501095,316.5,312,311.5,311,310,317,317.5,318,318.5,319
1685493268347209548,316.5,312,311.5,311,310,317,317.5,318,318.5,319
1685493313493906929,316.5,312,311.5,311,310,317,317.5,318,318.5,319
1685493323539401325,316.5,312,311.5,311,310,317,317.5,318,318.5,319
1685493328559024317,316.5,312,311.5,311,310,317,317.5,318,318.5,319
1685493348603070101,312,311.5,311,310,309,314,314.5,315,316,316.5
1685493363658119949,312,311.5,311,310,309,314,314.5,315,316,316.5
1685493388750555213,311.5,311,310,309,308.5,314,314.5,315,316,316.5
1685493438896270944,311.5,311,310,309,308.5,314,314.5,315,316,316.5
1685493463980482718,311.5,311,310,309,308.5,314,314.5,315,316,316.5
1685493474019833928,311.5,311,310,309,308.5,314,314.5,315,316,316.5
1685493514150848944,312,311.5,311,310,309,314,314.5,315,316,316.5
1685493524177964674,312,311.5,311,310,309,314,314.5,315,316,316.5
1685493564290509622,312,311.5,311,310,309,312.5,314,314.5,315,316
1685493650354480580,312,311.5,311,310,309,312.5,314,314.5,315,316
1685493755667957374,312,311.5,311,310,309,312.5,314,314.5,315,316
1685493765713437287,312,311.5,311,310,309,312.5,314,314.5,315,316
1685493785773829912,312,311.5,311,310,309,312.5,314,314.5,315,316
1685493795800985511,312,311.5,311,310,309,312.5,314,314.5,315,316
1685493800830909297,312,311.5,311,310,309,312.5,314,314.5,315,316
1685493810858218937,312,311.5,311,310,309,312.5,314,314.5,315,316
1685493825902844510,312,311.5,311,310,309,312.5,314,314.5,315,316
1685493840959845321,312,311.5,311,310,309,312.5,313,314,314.5,315
1685493845967382084,312,311.5,311,310,309,312.5,313,314,314.5,315
1685493986410408096,312,311.5,311,310,309,312.5,313,314,314.5,315
1685494046611993894,312,311.5,311,310,309,312.5,313,314,314.5,315
1685494263088098371,312,311.5,311,310,309,312.5,313,314,314.5,315
1685494273123428054,312,311.5,311,310,309,313,314,314.5,315,316
1685494283150607076,312,311.5,311,310,309,313,314,314.5,315,316
1685494343335739370,312,311.5,311,310,309,313,314,314.5,315,316
1685494348351245904,312,311.5,311,310,309,313,314,314.5,315,316
1685494363406239822,312,311.5,311,310,309,313,314,314.5,315,316
1685494383452253966,312,311.5,311,310,309,313,314,314.5,315,316
1685494408536441443,312,311.5,311,310,309,313,314,314.5,315,316
1685494458694524470,312,311.5,311,310,309,313,314,314.5,315,316
1685494548971363740,312,311.5,311,310,309,313,314,314.5,315,316
1685494594118022877,312,311.5,311,310,309,313,314,314.5,315,316
1685494649283557613,312,311.5,311,310,309,313,314,314.5,315,316
1685494664326213457,312,311.5,311,310,309,313,314,314.5,315,316
1685494669354210396,312,311.5,311,310,309,313,314,314.5,315,316
1685494684400894628,312,311.5,311,310,309,313,314,314.5,315,316
1685494689424795798,312,311.5,311,310,309,313,314,314.5,315,316
1685494704457214590,312,311.5,311,310,309,313,314,314.5,315,316
1685494714494587641,312,311.5,311,310,309,313,314,314.5,315,316
1685494724519653205,312,311.5,311,310,309,313,314,314.5,315,316
1685494744594310176,312.5,312,311.5,311,310,313,314,314.5,315,316
1685494754635797858,312.5,312,311.5,311,310,313,314,314.5,315,316
1685494759626820260,312.5,312,311.5,311,310,314,314.5,315,316,316.5
1685494769658118332,312.5,312,311.5,311,310,314,314.5,315,316,316.5
1685494774679761558,312.5,312,311.5,311,310,313,314,314.5,315,316
1685494779701523958,313,312.5,312,311.5,311,313.5,314,314.5,315,316
1685494784713207735,313,312.5,312,311.5,311,313.5,314,314.5,315,316
1685494789724691797,313,312.5,312,311.5,311,313.5,314,314.5,315,316
1685494794740264487,313,312.5,312,311.5,311,313.5,314,314.5,315,316
1685494799764175983,312.5,312,311.5,311,310,313.5,314,314.5,315,316
1685494811595569984,313,312.5,312,311.5,311,313.5,314,314.5,315,316
1685494811636435903,313,312.5,312,311.5,311,313.5,314,314.5,315,316
1685494813259566722,313,312.5,312,311.5,311,313.5,314,314.5,315,316
1685494813557863576,312.5,312,311.5,311,310,313.5,314,314.5,315,316
1685494813592541156,312.5,312,311.5,311,310,313.5,314,314.5,315,316
1685494813625537549,312.5,312,311.5,311,310,313.5,314,314.5,315,315.5
1685494813680823723,313,312.5,312,311.5,311,313.5,314,314.5,315,315.5
1685494813714324012,313,312.5,312,311.5,311,313.5,314,314.5,315,316
1685494813756065425,313,312.5,312,311.5,311,313.5,314,314.5,315,316
1685494816271264258,313,312.5,312,311.5,311,313.5,314,314.5,315,316
1685494816982029513,313,312.5,312,311.5,311,313.5,314,314.5,315,316
1685494817088406012,312.5,312,311.5,311,310,313.5,314,314.5,315,316
1685494817128469114,312.5,312,311.5,311,310,313.5,314,314.5,315,316
1685494817160298276,312.5,312,311.5,311,310,313.5,314,314.5,315,315.5
1685494817160408122,312.5,312,311.5,311,310,313.5,314,314.5,315,315.5
1685494817160487621,312.5,312,311.5,311,310,313.5,314,314.5,315,315.5
1685494819656654079,312.5,312,311.5,311,310,314,314.5,315,315.5,316
1685494819685076535,312.5,312,311.5,311,310,314,314.5,315,315.5,316
1685494820414071617,312.5,312,311.5,311,310,313,314,314.5,315,315.5
1685494820450879837,312.5,312,311.5,311,310,314,314.5,315,315.5,316
1685494820450986027,312.5,312,311.5,311,310,314,314.5,315,315.5,316
1685494820450986027,312.5,312,311.5,311,310,314,314.5,315,315.5,316
1685494822282523264,312.5,312,311.5,311,310,314,314.5,315,315.5,316
1685494822490735128,313,312.5,312,311.5,311,314,314.5,315,315.5,316
1685494822522860095,313,312.5,312,311.5,311,314,314.5,315,316,316.5
1685494822555414438,313,312.5,312,311.5,311,314,314.5,315,316,316.5
1685494823063485118,313,312.5,312,311.5,311,314,314.5,315,316,316.5
1685494826849257368,313,312.5,312,311.5,311,314,314.5,315,316,316.5
1685494827770680949,313,312.5,312,311.5,311,314,314.5,315,316,316.5
1685494828086085244,313,312.5,312,311.5,311,314,314.5,315,316,316.5
1685494828514256688,313,312.5,312,311.5,311,314,314.5,315,316,316.5
1685494830485268480,313,312.5,312,311.5,311,314,314.5,315,316,316.5
1685494830713672215,313,312.5,312,311.5,311,314,314.5,315,316,316.5
1685494830802268852,313,312.5,312,311.5,311,314,314.5,315,316,316.5
1685494832691156780,313,312.5,312,311.5,311,313.5,314,314.5,315,316
1685494832803816577,313,312.5,312,311.5,311,313.5,314,314.5,315,316
1685494833090910938,313,312.5,312,311.5,311,313.5,314,314.5,315,316
1685494833326783817,313,312.5,312,311.5,311,314,314.5,315,316,316.5
1685494834845302148,312.5,312,311.5,311,310.5,313,314,314.5,315,316
1685494834877309044,312.5,312,311.5,311,310.5,313,314,314.5,315,316
1685494834877336195,312.5,312,311.5,311,310.5,314,314.5,315,316,316.5
1685494834909089674,312.5,312,311.5,311,310.5,314,314.5,315,315.5,316
1685494835722277896,312.5,312,311.5,311,310.5,313.5,314,314.5,315,315.5
1685494836095091461,313,312.5,312,311.5,311,313.5,314,314.5,315,315.5
1685494836126580895,313,312.5,312,311.5,311,313.5,314,314.5,315,316
1685494836159504021,313,312.5,312,311.5,311,313.5,314,314.5,315,316
1685494837972917440,313,312.5,312,311.5,311,313.5,314,314.5,315,316
1685494839997984705,313,312.5,312,311.5,311,313.5,314,314.5,315,316
1685494841952237941,312.5,312,311.5,311,310.5,313.5,314,314.5,315,316
1685494841988075629,312.5,312,311.5,311,310.5,313.5,314,314.5,315,316
1685494843099038425,312.5,312,311.5,311,310.5,313.5,314,314.5,315,316
1685494843586946889,312.5,312,311.5,311,310.5,313.5,314,314.5,315,316
1685494846730258532,313,312.5,312,311.5,311,313.5,314,314.5,315,316
1685494848090175368,313,312.5,312,311.5,311,313.5,314,314.5,315,315.5
1685494848268953627,313,312.5,312,311.5,311,313.5,314,314.5,315,315.5
1685494849620093063,312.5,312,311.5,311,310.5,313.5,314,314.5,315,315.5
1685494849987592581,312.5,312,311.5,311,310.5,314,314.5,315,315.5,316
1685494853992634557,312.5,312,311.5,311,310.5,313.5,314,314.5,315,315.5
1685494854705427028,312.5,312,311.5,311,310.5,313.5,314,314.5,315,315.5
1685494856267945423,312.5,312,311.5,311,310.5,313.5,314,314.5,315,315.5
1685494857463237003,313,312.5,312,311.5,311,313.5,314,314.5,315,315.5
1685494858607075676,313,312.5,312,311.5,311,313.5,314,314.5,315,315.5
1685494859521173553,313,312.5,312,311.5,311,313.5,314,314.5,315,315.5
1685494861007162649,313,312.5,312,311.5,311,313.5,314,314.5,315,315.5
1685494862385445328,313.5,313,312.5,312,311.5,314,314.5,315,315.5,316
1685494863998369113,313.5,313,312.5,312,311.5,314,314.5,315,315.5,316
1685494864108455258,313.5,313,312.5,312,311.5,314,314.5,315,315.5,316
1685494864344337555,313.5,313,312.5,312,311.5,314,314.5,315,315.5,316
1685494867657042968,313.5,313,312.5,312,311.5,314,314.5,315,315.5,316
1685494868505246824,313.5,313,312.5,312,311.5,314,314.5,315,315.5,316
1685494868652550919,313.5,313,312.5,312,311.5,314,314.5,315,315.5,316
1685494870861256830,313.5,313,312.5,312,311.5,314,314.5,315,315.5,316
1685494871677304150,313.5,313,312.5,312,311.5,314,314.5,315,315.5,316
1685494871677304150,313.5,313,312.5,312,311.5,314,314.5,315,315.5,316
1685494871677415870,313.5,313,312.5,312,311.5,314,314.5,315,315.5,316
1685494871677494067,313.5,313,312.5,312,311.5,314,314.5,315,315.5,316
1685494872402107192,313.5,313,312.5,312,311.5,314,314.5,315,315.5,316
1685494872432090007,313.5,313,312.5,312,311.5,314,314.5,315,315.5,316
1685494872728510800,313.5,313,312.5,312,311.5,314,314.5,315,315.5,316
1685494873455335207,313.5,313,312.5,312,311.5,314,314.5,315,315.5,316
1685494873957903076,313.5,313,312.5,312,311.5,314,314.5,315,315.5,316
1685494874918484309,313.5,313,312.5,312,311.5,314,314.5,315,315.5,316
1685494875283854339,313.5,313,312.5,312,311.5,314,314.5,315,315.5,316
1685494875373984385,313.5,313,312.5,312,311.5,314,314.5,315,315.5,316
1685494876206678441,313.5,313,312.5,312,311.5,314,314.5,315,315.5,316
1685494880782428516,313.5,313,312.5,312,311.5,314,314.5,315,315.5,316
1685494882342287078,313.5,313,312.5,312,311.5,314,314.5,315,315.5,316
1685494882375103292,313.5,313,312.5,312,311.5,314,314.5,315,315.5,316
1685494882375103292,313.5,313,312.5,312,311.5,314,314.5,315,315.5,316
1685494885061162821,313.5,313,312.5,312,311.5,314,314.5,315,315.5,316
1685494885091764278,313.5,313,312.5,312,311.5,314,314.5,315,315.5,316
1685494886782600961,313.5,313,312.5,312,311.5,314,314.5,315,315.5,316
1685494888603791213,313.5,313,312.5,312,311.5,314.5,315,315.5,316,316.5
1685494888603791213,314,313.5,313,312.5,312,314.5,315,315.5,316,316.5
1685494888635917783,314,313.5,313,312.5,312,314.5,315,315.5,316,316.5
1685494890847719948,314,313.5,313,312.5,312,314.5,315,315.5,316,316.5
1685494891389599849,314,313.5,313,312.5,312,314.5,315,315.5,316,316.5
1685494891704644388,314,313.5,313,312.5,312,314.5,315,315.5,316,316.5
1685494891917946439,314,313.5,313,312.5,312,314.5,315,315.5,316,316.5
1685494893023911772,314,313.5,313,312.5,312,314.5,315,315.5,316,316.5
1685494894527523968,314,313.5,313,312.5,312,314.5,315,315.5,316,316.5
1685494894837311056,314,313.5,313,312.5,312,314.5,315,315.5,316,316.5
1685494894857809093,314,313.5,313,312.5,312,315,315.5,316,316.5,317
1685494896834329529,314,313.5,313,312.5,312,315,315.5,316,316.5,317
1685494897592132481,314,313.5,313,312.5,312,315,315.5,316,316.5,317
1685494899059521415,314,313.5,313,312.5,312,315,315.5,316,316.5,317
1685494899367697569,314.5,314,313.5,313,312.5,315,315.5,316,316.5,317
1685494899402426024,314.5,314,313.5,313,312.5,315,315.5,316,316.5,317
1685494901459102750,314.5,314,313.5,313,312.5,315,315.5,316,316.5,317
1685494901871722795,314.5,314,313.5,313,312.5,315,316,316.5,317,317.5
1685494902299566444,314.5,314,313.5,313,312.5,315,316,316.5,317,317.5
1685494902859452723,314.5,314,313.5,313,312.5,315,316,316.5,317,317.5
1685494903185530829,314.5,314,313.5,313,312.5,315,316,316.5,317,317.5
1685494903615342773,314.5,314,313.5,313,312.5,315,316,316.5,317,317.5
1685494905092515787,314.5,314,313.5,313,312.5,315,316,316.5,317,317.5
1685494905796236195,314.5,314,313.5,313,312.5,315,316,316.5,317,317.5
1685494907249253265,314.5,314,313.5,313,312.5,315,316,316.5,317,317.5
1685494908675737396,314.5,314,313.5,313,312.5,315,316,316.5,317,317.5
1685494909428624859,314.5,314,313.5,313,312.5,315,316,316.5,317,317.5
1685494909965037204,314.5,314,313.5,313,312.5,315,316,316.5,317,317.5
1685494910449927843,314.5,314,313.5,313,312.5,315,316,316.5,317,317.5
1685494910484324696,314.5,314,313.5,313,312.5,316,316.5,317,317.5,318
1685494910484324696,315,314.5,314,313.5,313,316,316.5,317,317.5,318
1685494910850817614,314.5,314,313.5,313,312.5,315,316,316.5,317,317.5
1685494911189766215,314.5,314,313.5,313,312.5,316,316.5,317,317.5,318
1685494911220533964,314.5,314,313.5,313,312.5,316,316.5,317,317.5,318
1685494911615641869,314.5,314,313.5,313,312.5,316,316.5,317,317.5,318
1685494911660990214,314.5,314,313.5,313,312.5,316,316.5,317,317.5,318
1685494913468295987,314.5,314,313.5,313,312.5,315.5,316,316.5,317,317.5
1685494913500937865,314.5,314,313.5,313,312.5,315.5,316,316.5,317,317.5
1685494913500993089,314.5,314,313.5,313,312.5,315.5,316,316.5,317,317.5
1685494914440160406,315,314.5,314,313.5,313,315.5,316,316.5,317,317.5
1685494915782130336,315,314.5,314,313.5,313,315.5,316,316.5,317,317.5
1685494916233176570,315,314.5,314,313.5,313,315.5,316,316.5,317,317.5
1685494917093463824,315,314.5,314,313.5,313,315.5,316,316.5,317,317.5
1685494917991726090,315,314.5,314,313.5,313,315.5,316,316.5,317,317.5
1685494919254997017,315,314.5,314,313.5,313,315.5,316,316.5,317,317.5
1685494919416545777,315,314.5,314,313.5,313,315.5,316,316.5,317,317.5
1685494919782508399,315,314.5,314,313.5,313,315.5,316,316.5,317,317.5
1685494919817140393,315,314.5,314,313.5,313,315.5,316,316.5,317,317.5
1685494920274521501,315,314.5,314,313.5,313,316,316.5,317,317.5,318
1685494920307611350,315,314.5,314,313.5,313,316,316.5,317,317.5,318
1685494920634256030,315,314.5,314,313.5,313,315.5,316,316.5,317,317.5
1685494920668208087,315,314.5,314,313.5,313,315.5,316,316.5,317,317.5
1685494922212520801,315,314.5,314,313.5,313,315.5,316,316.5,317,317.5
1685494922247226213,315,314.5,314,313.5,313,315.5,316,316.5,317,317.5
1685494923359038906,315,314.5,314,313.5,313,316,316.5,317,317.5,318
1685494924419968221,315,314.5,314,313.5,313,316,316.5,317,317.5,318
1685494925612004840,315,314.5,314,313.5,313,316,316.5,317,317.5,318
1685494926146758591,315,314.5,314,313.5,313,316,316.5,317,317.5,318
1685494926177220736,315.5,315,314.5,314,313.5,316,316.5,317,317.5,318
1685494926177220736,315.5,315,314.5,314,313.5,316,316.5,317,317.5,318
1685494926510556299,315.5,315,314.5,314,313.5,316,316.5,317,317.5,318
1685494926545005089,315,314.5,314,313.5,313,316,316.5,317,317.5,318
1685494927879351536,315,314.5,314,313.5,313,316,316.5,317,317.5,318
1685494929134135407,315.5,315,314.5,314,313.5,316,316.5,317,317.5,318
1685494930561398202,315.5,315,314.5,314,313.5,316,316.5,317,317.5,318
1685494930585267989,315.5,315,314.5,314,313.5,316,316.5,317,317.5,318
1685494932320242094,315.5,315,314.5,314,313.5,316,316.5,317,317.5,318
1685494932397268848,315.5,315,314.5,314,313.5,316,316.5,317,317.5,318
1685494934200185501,315.5,315,314.5,314,313.5,316,316.5,317,317.5,318
1685494935460818515,315.5,315,314.5,314,313.5,316,316.5,317,317.5,318
1685494935501763843,315.5,315,314.5,314,313.5,316,316.5,317,317.5,318
1685494935614358237,315.5,315,314.5,314,313.5,316,316.5,317,317.5,318
1685494936229707673,315.5,315,314.5,314,313.5,316,316.5,317,317.5,318
1685494937582935801,315.5,315,314.5,314,313.5,316,316.5,317,317.5,318
1685494938014142114,315.5,315,314.5,314,313.5,316,316.5,317,317.5,318
1685494938411757617,315.5,315,314.5,314,313.5,316,316.5,317,317.5,318
1685494938477031444,315.5,315,314.5,314,313.5,316,316.5,317,317.5,318
1685494939017183540,315.5,315,314.5,314,313.5,316,316.5,317,317.5,318
1685494939049014335,315.5,315,314.5,314,313.5,316,316.5,317,317.5,318
1685494941172783062,315.5,315,314.5,314,313.5,316,316.5,317,317.5,318
1685494941620238444,315.5,315,314.5,314,313.5,316,316.5,317,317.5,318
1685494941803830402,315.5,315,314.5,314,313.5,316,316.5,317,317.5,318
1685494941945980209,315.5,315,314.5,314,313.5,316,316.5,317,317.5,318
1685494946314708849,315.5,315,314.5,314,313.5,316,316.5,317,317.5,318
1685494946562140671,315.5,315,314.5,314,313.5,316,316.5,317,317.5,318
1685494946991210191,315.5,315,314.5,314,313.5,316,316.5,317,317.5,318
1685494947564921428,315.5,315,314.5,314,313.5,316,316.5,317,317.5,318
1685494947714413661,315.5,315,314.5,314,313.5,316,316.5,317,317.5,318
1685494947744993136,315.5,315,314.5,314,313.5,316,316.5,317,317.5,318
1685494951889125941,315.5,315,314.5,314,313.5,316,316.5,317,317.5,318
1685494951921804497,315,314.5,314,313.5,313,316,316.5,317,317.5,318
1685494951955535009,315,314.5,314,313.5,313,316,316.5,317,317.5,318
1685494952244094141,315,314.5,314,313.5,313,316,316.5,317,317.5,318
1685494952772168400,315.5,315,314.5,314,313.5,316,316.5,317,317.5,318
1685494954959037854,315,314.5,314,313.5,313,316,316.5,317,317.5,318
1685494954989871156,315,314.5,314,313.5,313,316,316.5,317,317.5,318
1685494954989982054,315,314.5,314,313.5,313,316,316.5,317,317.5,318
1685494955138223589,315,314.5,314,313.5,313,316,316.5,317,317.5,318
1685494955163102912,315,314.5,314,313.5,313,316,316.5,317,317.5,318
1685494955163102912,315,314.5,314,313.5,313,316,316.5,317,317.5,318
1685494955163102912,315,314.5,314,313.5,313,316,316.5,317,317.5,318
1685494955555482595,315,314.5,314,313.5,313,315.5,316,316.5,317,317.5
1685494956582547507,315,314.5,314,313.5,313,315.5,316,316.5,317,317.5
1685494956821272472,315,314.5,314,313.5,313,315.5,316,316.5,317,317.5
1685494956988649374,315,314.5,314,313.5,313,315.5,316,316.5,317,317.5
1685494958138737302,315,314.5,314,313.5,313,315.5,316,316.5,317,317.5
1685494958138772638,315,314.5,314,313.5,313,315.5,316,316.5,317,317.5
1685494958172573071,315,314.5,314,313.5,313,315.5,316,316.5,317,317.5
1685494958910790120,315,314.5,314,313.5,313,315.5,316,316.5,317,317.5
1685494958943151741,315,314.5,314,313.5,313,315.5,316,316.5,317,317.5
1685494960214807332,315,314.5,314,313.5,313,315.5,316,316.5,317,317.5
1685494962135247465,315,314.5,314,313.5,313,315.5,316,316.5,317,317.5
1685494965152001390,315,314.5,314,313.5,313,315.5,316,316.5,317,317.5
1685494969440027767,315,314.5,314,313.5,313,315.5,316,316.5,317,317.5
1685494969676657046,315,314.5,314,313.5,313,315.5,316,316.5,317,317.5
1685494970777458876,315,314.5,314,313.5,313,315.5,316,316.5,317,317.5
1685494971015532427,315,314.5,314,313.5,313,315.5,316,316.5,317,317.5
1685494972496232845,315,314.5,314,313.5,313,315.5,316,316.5,317,317.5
1685494972517180185,314.5,314,313.5,313,312.5,315.5,316,316.5,317,317.5
1685494972517180185,314.5,314,313.5,313,312.5,315.5,316,316.5,317,317.5
1685494972550800610,314.5,314,313.5,313,312.5,315.5,316,316.5,317,317.5
1685494972841446991,314.5,314,313.5,313,312.5,315.5,316,316.5,317,317.5
1685494973277548074,314.5,314,313.5,313,312.5,315,315.5,316,316.5,317
1685494973720026311,314.5,314,313.5,313,312.5,315.5,316,316.5,317,317.5
1685494975004411362,314.5,314,313.5,313,312.5,315,315.5,316,316.5,317
1685494975467401652,314.5,314,313.5,313,312.5,315,315.5,316,316.5,317
1685494975467401652,314.5,314,313.5,313,312.5,315,315.5,316,316.5,317
1685494975500238686,314.5,314,313.5,313,312.5,315,315.5,316,316.5,317
1685494975500238686,314.5,314,313.5,313,312.5,315,315.5,316,316.5,317
1685494975500238686,314.5,314,313.5,313,312.5,315,315.5,316,316.5,317
1685494976597346048,314.5,314,313.5,313,312.5,315,315.5,316,316.5,317
1685494980143017758,314.5,314,313.5,313,312.5,315,315.5,316,316.5,317
1685494980143017758,314.5,314,313.5,313,312.5,315,315.5,316,316.5,317
1685494981925283508,314.5,314,313.5,313,312.5,315,315.5,316,316.5,317
1685494983208667169,314.5,314,313.5,313,312.5,315,315.5,316,316.5,317
1685494985003950291,314.5,314,313.5,313,312.5,315,315.5,316,316.5,317
1685494986688265692,314.5,314,313.5,313,312.5,315,315.5,316,316.5,317
1685494987246247465,314.5,314,313.5,313,312.5,315,315.5,316,316.5,317
1685494988366416288,314.5,314,313.5,313,312.5,315,315.5,316,316.5,317
1685494988422705255,314.5,314,313.5,313,312.5,315,315.5,316,316.5,317
1685494996576391395,314.5,314,313.5,313,312.5,315,315.5,316,316.5,317
1685494996598616755,314.5,314,313.5,313,312.5,315,315.5,316,316.5,317
1685494996621336864,314,313.5,313,312.5,312,315,315.5,316,316.5,317
1685494996658002116,314,313.5,313,312.5,312,315,315.5,316,316.5,317
1685494996658002116,314,313.5,313,312.5,312,315,315.5,316,316.5,317
1685494996666552951,314,313.5,313,312.5,312,315,315.5,316,316.5,317
1685494996688834786,314,313.5,313,312.5,312,315,315.5,316,316.5,317
1685494996981026749,314,313.5,313,312.5,312,315,315.5,316,316.5,317
1685494998148888138,314,313.5,313,312.5,312,315,315.5,316,316.5,317
1685495000008040570,314,313.5,313,312.5,312,314.5,315,315.5,316,316.5
1685495000194679158,314,313.5,313,312.5,312,314.5,315,315.5,316,316.5
1685495000585839071,314,313.5,313,312.5,312,314.5,315,315.5,316,316.5
1685495002048659328,314,313.5,313,312.5,312,314.5,315,315.5,316,316.5
1685495002048756571,314,313.5,313,312.5,312,314.5,315,315.5,316,316.5
1685495002072926932,314,313.5,313,312.5,312,314.5,315,315.5,316,316.5
1685495003192060752,314,313.5,313,312.5,312,314.5,315,315.5,316,316.5
1685495003741313536,314,313.5,313,312.5,312,314.5,315,315.5,316,316.5
1685495005183223733,314,313.5,313,312.5,312,314.5,315,315.5,316,316.5
1685495005363142314,314,313.5,313,312.5,312,314.5,315,315.5,316,316.5
1685495005630133280,314,313.5,313,312.5,312,314.5,315,315.5,316,316.5
1685495006827593574,313.5,313,312.5,312,311.5,314.5,315,315.5,316,316.5
1685495006827593574,313.5,313,312.5,312,311.5,314,314.5,315,315.5,316
1685495006827593574,313.5,313,312.5,312,311.5,314,314.5,315,315.5,316
1685495006827593574,313.5,313,312.5,312,311.5,314,314.5,315,315.5,316
1685495006860243767,313.5,313,312.5,312,311.5,314,314.5,315,315.5,316
1685495006872455856,313.5,313,312.5,312,311.5,314,314.5,315,315.5,316
1685495006892801176,313.5,313,312.5,312,311.5,314,314.5,315,315.5,316
1685495006925467450,313.5,313,312.5,312,311.5,314.5,315,315.5,316,316.5
1685495006949733892,313.5,313,312.5,312,311.5,314.5,315,315.5,316,316.5
1685495006949733892,313.5,313,312.5,312,311.5,314.5,315,315.5,316,316.5
1685495007139745904,313.5,313,312.5,312,311.5,314.5,315,315.5,316,316.5
1685495011995026697,313.5,313,312.5,312,311.5,314,314.5,315,315.5,316
1685495012029413170,313.5,313,312.5,312,311.5,314,314.5,315,315.5,316
1685495012029413170,313.5,313,312.5,312,311.5,314,314.5,315,315.5,316
1685495012029413170,313.5,313,312.5,312,311.5,314,314.5,315,315.5,316
1685495014677251500,313.5,313,312.5,312,311.5,314,314.5,315,315.5,316
1685495017151369216,313.5,313,312.5,312,311.5,314,314.5,315,315.5,316
1685495020220470219,313.5,313,312.5,312,311.5,314,314.5,315,315.5,316
1685495021411163357,313.5,313,312.5,312,311.5,314,314.5,315,315.5,316
1685495022636298413,313.5,313,312.5,312,311.5,314,314.5,315,315.5,316
1685495023568755012,313.5,313,312.5,312,311.5,314,314.5,315,315.5,316
1685495024155049425,313.5,313,312.5,312,311.5,314,314.5,315,315.5,316
1685495024185313297,313.5,313,312.5,312,311.5,314,314.5,315,315.5,316
1685495024185313297,313.5,313,312.5,312,311.5,314,314.5,315,315.5,316
1685495025731574031,313.5,313,312.5,312,311.5,314,314.5,315,315.5,316
1685495028508615490,313.5,313,312.5,312,311.5,314,314.5,315,315.5,316
1685495032513378622,313.5,313,312.5,312,311.5,314,314.5,315,315.5,316
1685495034289241802,313.5,313,312.5,312,311.5,314,314.5,315,315.5,316
1685495037820526080,313.5,313,312.5,312,311.5,314,314.5,315,315.5,316
1685495041030271595,313.5,313,312.5,312,311.5,314,314.5,315,315.5,316
1685495043292118147,313.5,313,312.5,312,311.5,314,314.5,315,315.5,316
1685495044503698713,313.5,313,312.5,312,311.5,314,314.5,315,315.5,316
1685495045056926902,313.5,313,312.5,312,311.5,314,314.5,315,315.5,316
1685495046730879627,313.5,313,312.5,312,311.5,314,314.5,315,315.5,316
1685495050744114566,313.5,313,312.5,312,311.5,314,314.5,315,315.5,316
1685495053754745318,313.5,313,312.5,312,311.5,314,314.5,315,315.5,316
1685495054267614159,313.5,313,312.5,312,311.5,314,314.5,315,315.5,316
1685495061591339821,313.5,313,312.5,312,311.5,314,314.5,315,315.5,316
1685495066509644399,313.5,313,312.5,312,311.5,314,314.5,315,315.5,316
1685495066840629629,313.5,313,312.5,312,311.5,314,314.5,315,315.5,316
1685495068083406619,313.5,313,312.5,312,311.5,314,314.5,315,315.5,316
1685495068275407225,313.5,313,312.5,312,311.5,314,314.5,315,315.5,316
1685495068308056787,313.5,313,312.5,312,311.5,314,314.5,315,315.5,316
1685495068308082646,313.5,313,312.5,312,311.5,314,314.5,315,315.5,316
1685495070196198149,313.5,313,312.5,312,311.5,314,314.5,315,315.5,316
1685495070782858640,313.5,313,312.5,312,311.5,314,314.5,315,315.5,316
1685495071581846602,313.5,313,312.5,312,311.5,314,314.5,315,315.5,316
1685495071635877399,313.5,313,312.5,312,311.5,314,314.5,315,315.5,316
1685495071668631647,313.5,313,312.5,312,311.5,314.5,315,315.5,316,316.5
1685495071702508313,313.5,313,312.5,312,311.5,314.5,315,315.5,316,316.5
1685495071702615985,313.5,313,312.5,312,311.5,314.5,315,315.5,316,316.5
1685495071917679754,313.5,313,312.5,312,311.5,314,314.5,315,315.5,316
1685495071950681718,313.5,313,312.5,312,311.5,314.5,315,315.5,316,316.5
1685495071950790983,313.5,313,312.5,312,311.5,315,315.5,316,316.5,317
1685495071950790983,314,313.5,313,312.5,312,315,315.5,316,316.5,317
1685495071995374041,313.5,313,312.5,312,311.5,314,315,315.5,316,316.5
1685495072018114749,313.5,313,312.5,312,311.5,315,315.5,316,316.5,317
1685495072051612023,314,313.5,313,312.5,312,315,315.5,316,316.5,317
1685495073486455743,314,313.5,313,312.5,312,315,315.5,316,316.5,317
1685495079781976903,314,313.5,313,312.5,312,315,315.5,316,316.5,317
1685495083254325196,314,313.5,313,312.5,312,315,315.5,316,316.5,317
1685495083953758136,314,313.5,313,312.5,312,315,315.5,316,316.5,317
1685495093341089130,314,313.5,313,312.5,312,315,315.5,316,316.5,317
1685495095029391970,314,313.5,313,312.5,312,315,315.5,316,316.5,317
1685495095071976937,314,313.5,313,312.5,312,315,315.5,316,316.5,317
1685495095082048887,314,313.5,313,312.5,312,315.5,316,316.5,317,317.5
1685495105904920592,314,313.5,313,312.5,312,315.5,316,316.5,317,317.5
1685495105938928325,314,313.5,313,312.5,312,315.5,316,316.5,317,317.5
1685495109134362882,314,313.5,313,312.5,312,315.5,316,316.5,317,317.5
1685495109706559396,314,313.5,313,312.5,312,315.5,316,316.5,317,317.5
1685495110993696837,314.5,314,313.5,313,312.5,315.5,316,316.5,317,317.5
1685495111026669826,314.5,314,313.5,313,312.5,315.5,316,316.5,317,317.5
1685495111059358572,314.5,314,313.5,313,312.5,315.5,316,316.5,317,317.5
1685495111059358572,314.5,314,313.5,313,312.5,315.5,316,316.5,317,317.5
1685495111676807480,314.5,314,313.5,313,312.5,315.5,316,316.5,317,317.5
1685495113663444286,314.5,314,313.5,313,312.5,315.5,316,316.5,317,317.5
1685495114565002271,315,314.5,314,313.5,313,315.5,316,316.5,317,317.5
1685495114595277435,315,314.5,314,313.5,313,315.5,316,316.5,317,317.5
1685495114595277435,314.5,314,313.5,313,312.5,315.5,316,316.5,317,317.5
1685495114626081743,314.5,314,313.5,313,312.5,315.5,316,316.5,317,317.5
1685495114626081743,314.5,314,313.5,313,312.5,315.5,316,316.5,317,317.5
1685495114646570322,314.5,314,313.5,313,312.5,315.5,316,316.5,317,317.5
1685495114656548276,314.5,314,313.5,313,312.5,315.5,316,316.5,317,317.5
1685495116373435516,314.5,314,313.5,313,312.5,315.5,316,316.5,317,317.5
1685495119763300753,314.5,314,313.5,313,312.5,315.5,316,316.5,317,317.5
1685495126203463592,314.5,314,313.5,313,312.5,315.5,316,316.5,317,317.5
1685495126236055837,314.5,314,313.5,313,312.5,315.5,316,316.5,317,317.5
1685495130021953285,314.5,314,313.5,313,312.5,315.5,316,316.5,317,317.5
1685495132292347919,314.5,314,313.5,313,312.5,315.5,316,316.5,317,317.5
1685495132327025679,314.5,314,313.5,313,312.5,315.5,316,316.5,317,317.5
1685495134195947977,314.5,314,313.5,313,312.5,315.5,316,316.5,317,317.5
1685495138669623984,315,314.5,314,313.5,313,315.5,316,316.5,317,317.5
1685495138710863845,315,314.5,314,313.5,313,315.5,316,316.5,317,317.5
1685495139244228359,315,314.5,314,313.5,313,315.5,316,316.5,317,317.5
1685495143201575278,314.5,314,313.5,313,312.5,315.5,316,316.5,317,317.5
1685495143937620671,314.5,314,313.5,313,312.5,315.5,316,316.5,317,317.5
1685495143969934473,314.5,314,313.5,313,312.5,315.5,316,316.5,317,317.5
1685495143969934473,314.5,314,313.5,313,312.5,315.5,316,316.5,317,317.5
1685495143969934473,314.5,314,313.5,313,312.5,315.5,316,316.5,317,317.5
1685495143969934473,314.5,314,313.5,313,312.5,315.5,316,316.5,317,317.5
1685495146255567067,314.5,314,313.5,313,312.5,315,315.5,316,316.5,317
1685495146288630116,314.5,314,313.5,313,312.5,315,315.5,316,316.5,317
1685495149603111164,314.5,314,313.5,313,312.5,315,315.5,316,316.5,317
1685495149972619274,314.5,314,313.5,313,312.5,315,315.5,316,316.5,317
1685495153216133367,314.5,314,313.5,313,312.5,315,315.5,316,316.5,317
1685495156373786340,314.5,314,313.5,313,312.5,315,315.5,316,316.5,317
1685495158721008998,314.5,314,313.5,313,312.5,315,315.5,316,316.5,317
1685495160446906096,314.5,314,313.5,313,312.5,315,315.5,316,316.5,317
1685495163674020224,314.5,314,313.5,313,312.5,315,315.5,316,316.5,317
1685495164110986119,314.5,314,313.5,313,312.5,315,315.5,316,316.5,317
1685495165886920635,314.5,314,313.5,313,312.5,315,315.5,316,316.5,317
1685495168646029400,314.5,314,313.5,313,312.5,315,315.5,316,316.5,317
1685495169439220005,314.5,314,313.5,313,312.5,315,315.5,316,316.5,317
1685495169469938681,314.5,314,313.5,313,312.5,315,315.5,316,316.5,317
1685495173452583096,314.5,314,313.5,313,312.5,315.5,316,316.5,317,317.5
1685495173485100629,314.5,314,313.5,313,312.5,315.5,316,316.5,317,317.5
1685495173520808242,314.5,314,313.5,313,312.5,315.5,316,316.5,317,317.5
1685495177174873814,314.5,314,313.5,313,312.5,315.5,316,316.5,317,317.5
1685495179453120447,315,314.5,314,313.5,313,315.5,316,316.5,317,317.5
1685495179493925059,315,314.5,314,313.5,313,315.5,316,316.5,317,317.5
1685495179493925059,314.5,314,313.5,313,312.5,315.5,316,316.5,317,317.5
1685495179902602001,315,314.5,314,313.5,313,315.5,316,316.5,317,317.5
1685495179923511149,314.5,314,313.5,313,312.5,315.5,316,316.5,317,317.5
1685495180301855069,314.5,314,313.5,313,312.5,315.5,316,316.5,317,317.5
1685495180344849703,314.5,314,313.5,313,312.5,315.5,316,316.5,317,317.5
1685495182568946597,314.5,314,313.5,313,312.5,315.5,316,316.5,317,317.5
1685495183213208121,314.5,314,313.5,313,312.5,315.5,316,316.5,317,317.5
1685495185845857242,314.5,314,313.5,313,312.5,315.5,316,316.5,317,317.5
1685495192791678763,314.5,314,313.5,313,312.5,315.5,316,316.5,317,317.5
1685495193104147679,314.5,314,313.5,313,312.5,315,315.5,316,316.5,317
1685495193124652989,314.5,314,313.5,313,312.5,315,315.5,316,316.5,317
1685495193136905423,314.5,314,313.5,313,312.5,315,315.5,316,316.5,317
1685495193136905423,314.5,314,313.5,313,312.5,315,315.5,316,316.5,317
1685495193160216241,314.5,314,313.5,313,312.5,315,315.5,316,316.5,317
1685495193181410464,314,313.5,313,312.5,312,315,315.5,316,316.5,317
1685495193202379615,314,313.5,313,312.5,312,315,315.5,316,316.5,317
1685495193225107497,314,313.5,313,312.5,312,315,315.5,316,316.5,317
1685495193225107497,314,313.5,313,312.5,312,315,315.5,316,316.5,317
1685495198324471922,314,313.5,313,312.5,312,314.5,315,315.5,316,316.5
1685495198344890629,314,313.5,313,312.5,312,314.5,315,315.5,316,316.5
1685495198344890629,314,313.5,313,312.5,312,314.5,315,315.5,316,316.5
1685495198365978453,314,313.5,313,312.5,312,314.5,315,315.5,316,316.5
1685495198365978453,314,313.5,313,312.5,312,314.5,315,315.5,316,316.5
1685495198387915621,314,313.5,313,312.5,312,314.5,315,315.5,316,316.5
1685495198387915621,314,313.5,313,312.5,312,314.5,315,315.5,316,316.5
1685495198408433094,314,313.5,313,312.5,312,314.5,315,315.5,316,316.5
1685495198408433094,314,313.5,313,312.5,312,314.5,315,315.5,316,316.5
1685495198428894852,314,313.5,313,312.5,312,314.5,315,315.5,316,316.5
1685495198791590902,314,313.5,313,312.5,312,314.5,315,315.5,316,316.5
1685495198791614596,314,313.5,313,312.5,312,314.5,315,315.5,316,316.5
1685495199669967589,314,313.5,313,312.5,312,314.5,315,315.5,316,316.5
1685495201886003198,314,313.5,313,312.5,312,314.5,315,315.5,316,316.5
1685495202816408241,314,313.5,313,312.5,312,314.5,315,315.5,316,316.5
1685495211786419122,314,313.5,313,312.5,312,314.5,315,315.5,316,316.5
1685495214928730312,314,313.5,313,312.5,312,314.5,315,315.5,316,316.5
1685495217143994162,314,313.5,313,312.5,312,314.5,315,315.5,316,316.5
1685495217546559099,314,313.5,313,312.5,312,314.5,315,315.5,316,316.5
1685495217881076823,314,313.5,313,312.5,312,314.5,315,315.5,316,316.5
1685495231596777943,314,313.5,313,312.5,312,314.5,315,315.5,316,316.5
1685495232219478476,314,313.5,313,312.5,312,314.5,315,315.5,316,316.5
1685495232237739351,314,313.5,313,312.5,312,314.5,315,315.5,316,316.5
1685495232237739351,314,313.5,313,312.5,312,314.5,315,315.5,316,316.5
1685495234158920367,314,313.5,313,312.5,312,314.5,315,315.5,316,316.5
1685495239639302997,314,313.5,313,312.5,312,314.5,315,315.5,316,316.5
1685495240606915790,313.5,313,312.5,312,311.5,314,314.5,315,315.5,316
1685495240639865465,313.5,313,312.5,312,311.5,314,314.5,315,315.5,316
1685495240639865465,313.5,313,312.5,312,311.5,314,314.5,315,315.5,316
1685495240649968283,313.5,313,312.5,312,311.5,314,314.5,315,315.5,316
1685495240672396714,313.5,313,312.5,312,311.5,314,314.5,315,315.5,316
1685495240672396714,313.5,313,312.5,312,311.5,314,314.5,315,315.5,316
1685495240921217949,313.5,313,312.5,312,311.5,314,315,315.5,316,316.5
1685495240944622582,313.5,313,312.5,312,311.5,314,315,315.5,316,316.5
1685495242625332161,313.5,313,312.5,312,311.5,314,315,315.5,316,316.5
1685495244011773376,313.5,313,312.5,312,311.5,314,315,315.5,316,316.5
1685495244044551118,313.5,313,312.5,312,311.5,314,315,315.5,316,316.5
1685495244281116431,313.5,313,312.5,312,311.5,314,315,315.5,316,316.5
1685495245221460455,313.5,313,312.5,312,311.5,314,315,315.5,316,316.5
1685495245339041991,313.5,313,312.5,312,311.5,314,315,315.5,316,316.5
1685495249100387371,313.5,313,312.5,312,311.5,314,315,315.5,316,316.5
1685495249495105014,313.5,313,312.5,312,311.5,314,315,315.5,316,316.5
1685495249661145703,313.5,313,312.5,312,311.5,314,315,315.5,316,316.5
1685495249912206804,313.5,313,312.5,312,311.5,314,315,315.5,316,316.5
1685495250614680314,313.5,313,312.5,312,311.5,314,315,315.5,316,316.5
1685495250650446677,313.5,313,312.5,312,311.5,314,315,315.5,316,316.5
1685495250862059742,313.5,313,312.5,312,311.5,314,315,315.5,316,316.5
1685495250895396323,313.5,313,312.5,312,311.5,314,315,315.5,316,316.5
1685495253031334006,313.5,313,312.5,312,311.5,314,315,315.5,316,316.5
1685495256030882343,313.5,313,312.5,312,311.5,314,314.5,315,315.5,316
1685495256073574119,313.5,313,312.5,312,311.5,314,314.5,315,315.5,316
1685495256073574119,313.5,313,312.5,312,311.5,314,314.5,315,315.5,316
1685495258324352212,313.5,313,312.5,312,311.5,314,314.5,315,315.5,316
1685495266355893517,313.5,313,312.5,312,311.5,314,314.5,315,315.5,316
1685495269220998120,313.5,313,312.5,312,311.5,314,314.5,315,315.5,316
1685495270071844678,313.5,313,312.5,312,311.5,314,314.5,315,315.5,316
1685495274658323491,313.5,313,312.5,312,311.5,314,314.5,315,315.5,316
1685495276079712162,313.5,313,312.5,312,311.5,314,314.5,315,315.5,316
1685495276656239422,313.5,313,312.5,312,311.5,314,314.5,315,315.5,316
1685495278421369446,313.5,313,312.5,312,311.5,314,314.5,315,315.5,316
1685495280199300504,313.5,313,312.5,312,311.5,314,314.5,315,315.5,316
1685495280232093234,313.5,313,312.5,312,311.5,314.5,315,315.5,316,316.5
1685495280262735015,313.5,313,312.5,312,311.5,314.5,315,315.5,316,316.5
1685495280285597551,313.5,313,312.5,312,311.5,314.5,315,315.5,316,316.5
1685495280368185324,313.5,313,312.5,312,311.5,314.5,315,315.5,316,316.5
1685495283835236674,313.5,313,312.5,312,311.5,314.5,315,315.5,316,316.5
1685495285441753363,314,313.5,313,312.5,312,314.5,315,315.5,316,316.5
1685495285470220581,314,313.5,313,312.5,312,314.5,315,315.5,316,316.5
1685495285470220581,314,313.5,313,312.5,312,314.5,315,315.5,316,316.5
1685495285491742861,314,313.5,313,312.5,312,315,315.5,316,316.5,317
1685495285503664845,314,313.5,313,312.5,312,315,315.5,316,316.5,317
1685495285526231725,314,313.5,313,312.5,312,315,315.5,316,316.5,317
1685495285526454754,314,313.5,313,312.5,312,315,315.5,316,316.5,317
1685495290241849625,314,313.5,313,312.5,312,315,315.5,316,316.5,317
1685495294508866031,314.5,314,313.5,313,312.5,315,315.5,316,316.5,317
1685495294541575395,314.5,314,313.5,313,312.5,315,315.5,316,316.5,317
1685495294541575395,314.5,314,313.5,313,312.5,315,315.5,316,316.5,317
1685495294589668282,314.5,314,313.5,313,312.5,315.5,316,316.5,317,317.5
1685495294625576501,314.5,314,313.5,313,312.5,315.5,316,316.5,317,317.5
1685495294669513195,314.5,314,313.5,313,312.5,315.5,316,316.5,317,317.5
1685495305701763294,314.5,314,313.5,313,312.5,315.5,316,316.5,317,317.5
1685495307003325465,314.5,314,313.5,313,312.5,315.5,316,316.5,317,317.5
1685495310977959671,315,314.5,314,313.5,313,315.5,316,316.5,317,317.5
1685495311012997656,315,314.5,314,313.5,313,315.5,316,316.5,317,317.5
1685495311013068409,315,314.5,314,313.5,313,315.5,316,316.5,317,317.5
1685495311771726399,315,314.5,314,313.5,313,315.5,316,316.5,317,317.5
1685495311804436544,314.5,314,313.5,313,312.5,315.5,316,316.5,317,317.5
1685495312925709644,314.5,314,313.5,313,312.5,315,315.5,316,316.5,317
1685495312958502644,314.5,314,313.5,313,312.5,315,315.5,316,316.5,317
1685495313554482788,314.5,314,313.5,313,312.5,315,315.5,316,316.5,317
1685495313579209965,314.5,314,313.5,313,312.5,315,315.5,316,316.5,317
1685495313904673059,315,314.5,314,313.5,313,315.5,316,316.5,317,317.5
1685495313925032645,315,314.5,314,313.5,313,315.5,316,316.5,317,317.5
1685495317904432008,314.5,314,313.5,313,312.5,315.5,316,316.5,317,317.5
1685495317949424734,314.5,314,313.5,313,312.5,315.5,316,316.5,317,317.5
1685495317981169026,314.5,314,313.5,313,312.5,315.5,316,316.5,317,317.5
1685495319924711309,314.5,314,313.5,313,312.5,315.5,316,316.5,317,317.5
1685495322141740819,314.5,314,313.5,313,312.5,315,315.5,316,316.5,317
1685495322172989420,314.5,314,313.5,313,312.5,315,315.5,316,316.5,317
1685495323437328684,314.5,314,313.5,313,312.5,315,315.5,316,316.5,317
1685495323467900394,314.5,314,313.5,313,312.5,315,315.5,316,316.5,317
1685495323467914891,314.5,314,313.5,313,312.5,315,315.5,316,316.5,317
1685495323478172190,314.5,314,313.5,313,312.5,315,315.5,316,316.5,317
1685495323498547456,314.5,314,313.5,313,312.5,315,315.5,316,316.5,317
1685495323509625245,314.5,314,313.5,313,312.5,315,315.5,316,316.5,317
1685495323531272428,314.5,314,313.5,313,312.5,315,315.5,316,316.5,317
1685495323541513276,314.5,314,313.5,313,312.5,315,315.5,316,316.5,317
1685495325800274370,314.5,314,313.5,313,312.5,315,315.5,316,316.5,317
1685495327048009318,314.5,314,313.5,313,312.5,315,315.5,316,316.5,317
1685495329001680319,314.5,314,313.5,313,312.5,315,315.5,316,316.5,317
1685495329869086049,314.5,314,313.5,313,312.5,315,315.5,316,316.5,317
1685495332943835244,314.5,314,313.5,313,312.5,315,315.5,316,316.5,317
1685495335337094666,314.5,314,313.5,313,312.5,315,315.5,316,316.5,317
1685495342906649748,314.5,314,313.5,313,312.5,315,315.5,316,316.5,317
1685495344064818181,314.5,314,313.5,313,312.5,315,315.5,316,316.5,317
1685495346574656226,314.5,314,313.5,313,312.5,315,315.5,316,316.5,317
1685495347318042503,314.5,314,313.5,313,312.5,315,315.5,316,316.5,317
1685495347823896752,314.5,314,313.5,313,312.5,315,315.5,316,316.5,317
1685495347897716873,314.5,314,313.5,313,312.5,315,315.5,316,316.5,317
1685495351297793979,314.5,314,313.5,313,312.5,315,315.5,316,316.5,317
1685495359022607750,314.5,314,313.5,313,312.5,315,315.5,316,316.5,317
1685495363220625794,314,313.5,313,312.5,312,315,315.5,316,316.5,317
1685495363265165079,314,313.5,313,312.5,312,315,315.5,316,316.5,317
1685495363275429010,314,313.5,313,312.5,312,315,315.5,316,316.5,317
1685495363296241587,314,313.5,313,312.5,312,315,315.5,316,316.5,317
1685495365886386533,314,313.5,313,312.5,312,315,315.5,316,316.5,317
1685495366193754703,314,313.5,313,312.5,312,315,315.5,316,316.5,317
1685495369036744299,314,313.5,313,312.5,312,315,315.5,316,316.5,317
1685495373225900735,314,313.5,313,312.5,312,315,315.5,316,316.5,317
1685495377496660397,314,313.5,313,312.5,312,315,315.5,316,316.5,317
1685495379491500206,314,313.5,313,312.5,312,315,315.5,316,316.5,317
1685495383288711695,314,313.5,313,312.5,312,315,315.5,316,316.5,317
1685495383331480847,314,313.5,313,312.5,312,315.5,316,316.5,317,317.5
1685495383354085007,314,313.5,313,312.5,312,315.5,316,316.5,317,317.5
1685495383354085007,314,313.5,313,312.5,312,315.5,316,316.5,317,317.5
1685495383364457182,314,313.5,313,312.5,312,315.5,316,316.5,317,317.5
1685495383374543990,314,313.5,313,312.5,312,315.5,316,316.5,317,317.5
1685495393479482779,314.5,314,313.5,313,312.5,315.5,316,316.5,317,317.5
1685495393510157302,314.5,314,313.5,313,312.5,315.5,316,316.5,317,317.5
1685495393510265265,314.5,314,313.5,313,312.5,315.5,316,316.5,317,317.5
1685495393510265265,314.5,314,313.5,313,312.5,315.5,316,316.5,317,317.5
1685495393543920515,314.5,314,313.5,313,312.5,315.5,316,316.5,317,317.5
1685495408430151922,314.5,314,313.5,313,312.5,315,315.5,316,316.5,317
1685495408464795548,314.5,314,313.5,313,312.5,315,315.5,316,316.5,317
1685495408464932344,314.5,314,313.5,313,312.5,315,315.5,316,316.5,317
1685495408487555761,314.5,314,313.5,313,312.5,315,315.5,316,316.5,317
1685495408884885369,314.5,314,313.5,313,312.5,315,315.5,316,316.5,317
1685495417464298946,314.5,314,313.5,313,312.5,315,315.5,316,316.5,317
1685495418827167967,314,313.5,313,312.5,312,314.5,315,315.5,316,316.5
1685495418861570089,314,313.5,313,312.5,312,314.5,315,315.5,316,316.5
1685495420233320665,314,313.5,313,312.5,312,314.5,315,315.5,316,316.5
1685495420265607515,314,313.5,313,312.5,312,314.5,315,315.5,316,316.5
1685495420265607515,314,313.5,313,312.5,312,314.5,315,315.5,316,316.5
1685495420265607515,314,313.5,313,312.5,312,314.5,315,315.5,316,316.5
1685495420374796814,314,313.5,313,312.5,312,314.5,315,315.5,316,316.5
1685495420395921307,314,313.5,313,312.5,312,314.5,315,315.5,316,316.5
1685495432264938065,314,313.5,313,312.5,312,314.5,315,315.5,316,316.5
1685495432295707256,314,313.5,313,312.5,312,314.5,315,315.5,316,316.5
1685495434381495107,314,313.5,313,312.5,312,314.5,315,315.5,316,316.5
1685495438051719715,314,313.5,313,312.5,312,314.5,315,315.5,316,316.5
1685495438601885322,314,313.5,313,312.5,312,314.5,315,315.5,316,316.5
1685495440723023655,314,313.5,313,312.5,312,314.5,315,315.5,316,316.5
1685495449009519598,314,313.5,313,312.5,312,314.5,315,315.5,316,316.5
1685495453253100836,314,313.5,313,312.5,312,314.5,315,315.5,316,316.5
1685495454850530598,314,313.5,313,312.5,312,314.5,315,315.5,316,316.5
1685495454871251703,314,313.5,313,312.5,312,314.5,315,315.5,316,316.5
1685495454943665805,314,313.5,313,312.5,312,314.5,315,315.5,316,316.5
1685495455651407829,314,313.5,313,312.5,312,314.5,315,315.5,316,316.5
1685495456803521537,314,313.5,313,312.5,312,314.5,315,315.5,316,316.5
1685495457147377165,314,313.5,313,312.5,312,314.5,315,315.5,316,316.5
1685495457169999119,314,313.5,313,312.5,312,314.5,315,315.5,316,316.5
1685495457170013746,314,313.5,313,312.5,312,314.5,315,315.5,316,316.5
1685495457190416333,314,313.5,313,312.5,312,314.5,315,315.5,316,316.5
1685495457190416333,314,313.5,313,312.5,312,314.5,315,315.5,316,316.5
1685495458500224470,314,313.5,313,312.5,312,314.5,315,315.5,316,316.5
1685495458529962695,314,313.5,313,312.5,312,314.5,315,315.5,316,316.5
1685495462800970148,313.5,313,312.5,312,311.5,314,314.5,315,315.5,316
1685495462843967308,313.5,313,312.5,312,311.5,314,314.5,315,315.5,316
1685495462843967308,313.5,313,312.5,312,311.5,314.5,315,315.5,316,316.5
1685495462843967308,314,313.5,313,312.5,312,314.5,315,315.5,316,316.5
1685495462874734415,314,313.5,313,312.5,312,314.5,315,315.5,316,316.5
1685495462874780892,314,313.5,313,312.5,312,314.5,315,315.5,316,316.5
1685495463134539192,314,313.5,313,312.5,312,314.5,315,315.5,316,316.5
1685495466760804707,314,313.5,313,312.5,312,314.5,315,315.5,316,316.5
1685495467047431484,314,313.5,313,312.5,312,314.5,315,315.5,316,316.5
1685495468345193715,314,313.5,313,312.5,312,314.5,315,315.5,316,316.5
1685495470236543690,314,313.5,313,312.5,312,314.5,315,315.5,316,316.5
1685495470280284255,314,313.5,313,312.5,312,314.5,315,315.5,316,316.5
1685495472242417018,314,313.5,313,312.5,312,314.5,315,315.5,316,316.5
1685495479700143464,314,313.5,313,312.5,312,314.5,315,315.5,316,316.5
1685495479970731017,314,313.5,313,312.5,312,314.5,315,315.5,316,316.5
1685495484585044918,314,313.5,313,312.5,312,314.5,315,315.5,316,316.5
1685495488158580070,313.5,313,312.5,312,311.5,314.5,315,315.5,316,316.5
1685495488199544513,313.5,313,312.5,312,311.5,314.5,315,315.5,316,316.5
1685495488230250255,313.5,313,312.5,312,311.5,314.5,315,315.5,316,316.5
1685495488649825701,313.5,313,312.5,312,311.5,314,314.5,315,315.5,316
1685495488680571779,313.5,313,312.5,312,311.5,314,314.5,315,315.5,316
1685495489000216579,313.5,313,312.5,312,311.5,314,314.5,315,315.5,316
1685495489000216579,313.5,313,312.5,312,311.5,314,314.5,315,315.5,316
1685495489030931168,313.5,313,312.5,312,311.5,314,314.5,315,315.5,316
1685495493699386674,313.5,313,312.5,312,311.5,314,314.5,315,315.5,316
1685495499721511219,313.5,313,312.5,312,311.5,314,314.5,315,315.5,316
1685495499774805132,313.5,313,312.5,312,311.5,314,314.5,315,315.5,316
1685495507932239432,313.5,313,312.5,312,311.5,314,314.5,315,315.5,316
1685495509833292826,313.5,313,312.5,312,311.5,314,314.5,315,315.5,316
1685495512606680898,313.5,313,312.5,312,311.5,314,314.5,315,315.5,316
1685495513368766417,313.5,313,312.5,312,311.5,314,314.5,315,315.5,316
1685495515542749532,313.5,313,312.5,312,311.5,314,314.5,315,315.5,316
1685495518744637968,313.5,313,312.5,312,311.5,314,314.5,315,315.5,316
1685495528313283790,313.5,313,312.5,312,311.5,314,314.5,315,315.5,316
1685495528345825579,313.5,313,312.5,312,311.5,314,314.5,315,315.5,316
1685495528388911796,313.5,313,312.5,312,311.5,314.5,315,315.5,316,316.5
1685495528419488505,313.5,313,312.5,312,311.5,314.5,315,315.5,316,316.5
1685495528442330483,313.5,313,312.5,312,311.5,314.5,315,315.5,316,316.5
1685495528663305125,313.5,313,312.5,312,311.5,314.5,315,315.5,316,316.5
1685495531067648536,313.5,313,312.5,312,311.5,314,314.5,315,315.5,316
1685495531088166770,313.5,313,312.5,312,311.5,314,314.5,315,315.5,316
1685495531100488074,313.5,313,312.5,312,311.5,314,314.5,315,315.5,316
1685495531164316054,313.5,313,312.5,312,311.5,314,314.5,315,315.5,316
1685495539133714561,313.5,313,312.5,312,311.5,314,314.5,315,315.5,316
1685495539165027473,313.5,313,312.5,312,311.5,314,314.5,315,315.5,316
1685495541207402978,313.5,313,312.5,312,311.5,314.5,315,315.5,316,316.5
1685495541238152292,313.5,313,312.5,312,311.5,314.5,315,315.5,316,316.5
1685495541270879289,313.5,313,312.5,312,311.5,314.5,315,315.5,316,316.5
1685495543417290197,313.5,313,312.5,312,311.5,314.5,315,315.5,316,316.5
1685495547576938964,313.5,313,312.5,312,311.5,314.5,315,315.5,316,316.5
1685495558538925066,313.5,313,312.5,312,311.5,314.5,315,315.5,316,316.5
1685495565317745398,313.5,313,312.5,312,311.5,314.5,315,315.5,316,316.5
1685495569884030830,313.5,313,312.5,312,311.5,314.5,315,315.5,316,316.5
1685495570522105171,314,313.5,313,312.5,312,314.5,315,315.5,316,316.5
1685495570554589372,314,313.5,313,312.5,312,314.5,315,315.5,316,316.5
1685495570554589372,313.5,313,312.5,312,311.5,314.5,315,315.5,316,316.5
1685495570587382102,313.5,313,312.5,312,311.5,314.5,315,315.5,316,316.5
1685495570587382102,313.5,313,312.5,312,311.5,314.5,315,315.5,316,316.5
1685495570619136943,313.5,313,312.5,312,311.5,314.5,315,315.5,316,316.5
1685495570662094108,313.5,313,312.5,312,311.5,314.5,315,315.5,316,316.5
1685495573508716194,313.5,313,312.5,312,311.5,314.5,315,315.5,316,316.5
1685495573531591534,313.5,313,312.5,312,311.5,314.5,315,315.5,316,316.5
1685495577631579125,313.5,313,312.5,312,311.5,314.5,315,315.5,316,316.5
1685495579453146993,313.5,313,312.5,312,311.5,314.5,315,315.5,316,316.5
1685495579485799901,313.5,313,312.5,312,311.5,314.5,315,315.5,316,316.5
1685495581563784205,313.5,313,312.5,312,311.5,314.5,315,315.5,316,316.5
1685495581608725525,313.5,313,312.5,312,311.5,314.5,315,315.5,316,316.5
1685495581633573709,313.5,313,312.5,312,311.5,314.5,315,315.5,316,316.5
1685495582091355140,313.5,313,312.5,312,311.5,314.5,315,315.5,316,316.5
1685495582113742564,313.5,313,312.5,312,311.5,314.5,315,315.5,316,316.5
1685495584247834183,313.5,313,312.5,312,311.5,314.5,315,315.5,316,316.5
1685495585568632568,313.5,313,312.5,312,311.5,314.5,315,315.5,316,316.5
1685495586311002170,313.5,313,312.5,312,311.5,314.5,315,315.5,316,316.5
1685495586343845645,313.5,313,312.5,312,311.5,314.5,315,315.5,316,316.5
1685495587617522757,313.5,313,312.5,312,311.5,314.5,315,315.5,316,316.5
1685495587650465739,313.5,313,312.5,312,311.5,314.5,315,315.5,316,316.5
1685495591148303311,313.5,313,312.5,312,311.5,314.5,315,315.5,316,316.5
1685495591148303311,313.5,313,312.5,312,311.5,314.5,315,315.5,316,316.5
1685495591181118222,313.5,313,312.5,312,311.5,314.5,315,315.5,316,316.5
1685495591181167555,313.5,313,312.5,312,311.5,314.5,315,315.5,316,316.5
1685495591211855433,313.5,313,312.5,312,311.5,314.5,315,315.5,316,316.5
1685495591211880410,313.5,313,312.5,312,311.5,314.5,315,315.5,316,316.5
1685495591943015669,313.5,313,312.5,312,311.5,314.5,315,315.5,316,316.5
1685495591988092493,313.5,313,312.5,312,311.5,315,315.5,316,316.5,317
1685495592022916738,314,313.5,313,312.5,312,315,315.5,316,316.5,317
1685495592057650131,314,313.5,313,312.5,312,315,315.5,316,316.5,317
1685495592057650131,314,313.5,313,312.5,312,315,315.5,316,316.5,317
1685495592090524836,314,313.5,313,312.5,312,315,315.5,316,316.5,317
1685495604884408440,314,313.5,313,312.5,312,314.5,315,315.5,316,316.5
1685495604904964595,314,313.5,313,312.5,312,314.5,315,315.5,316,316.5
1685495604937712160,313.5,313,312.5,312,311.5,314.5,315,315.5,316,316.5
1685495604970418308,314,313.5,313,312.5,312,314.5,315,315.5,316,316.5
1685495604980651852,313.5,313,312.5,312,311.5,314.5,315,315.5,316,316.5
1685495604980676639,313.5,313,312.5,312,311.5,314.5,315,315.5,316,316.5
1685495606183096030,313.5,313,312.5,312,311.5,314.5,315,315.5,316,316.5
1685495606215800174,313.5,313,312.5,312,311.5,314.5,315,315.5,316,316.5
1685495616013633173,314,313.5,313,312.5,312,314.5,315,315.5,316,316.5
1685495616046270692,314,313.5,313,312.5,312,314.5,315,315.5,316,316.5
1685495622438233382,314,313.5,313,312.5,312,314.5,315,315.5,316,316.5
1685495628283183095,314,313.5,313,312.5,312,314.5,315,315.5,316,316.5
1685495632881977098,314,313.5,313,312.5,312,315,315.5,316,316.5,317
1685495632902663528,314,313.5,313,312.5,312,315,315.5,316,316.5,317
1685495632923009408,314,313.5,313,312.5,312,315,315.5,316,316.5,317
1685495632974192628,314,313.5,313,312.5,312,315,315.5,316,316.5,317
1685495640180229693,314.5,314,313.5,313,312.5,315,315.5,316,316.5,317
1685495640215669042,314.5,314,313.5,313,312.5,315,315.5,316,316.5,317
1685495640226296015,314.5,314,313.5,313,312.5,315,315.5,316,316.5,317
1685495643842027652,314.5,314,313.5,313,312.5,315,315.5,316,316.5,317
1685495643872955120,314,313.5,313,312.5,312,315,315.5,316,316.5,317
1685495643872955120,314,313.5,313,312.5,312,315,315.5,316,316.5,317
1685495644425687778,314,313.5,313,312.5,312,315,315.5,316,316.5,317
1685495644460501903,314,313.5,313,312.5,312,315,315.5,316,316.5,317
1685495648175529314,314,313.5,313,312.5,312,315,315.5,316,316.5,317
1685495648997057101,314,313.5,313,312.5,312,314.5,315,315.5,316,316.5
1685495649029785671,314,313.5,313,312.5,312,314.5,315,315.5,316,316.5
1685495649029785671,314,313.5,313,312.5,312,314.5,315,315.5,316,316.5
1685495650765634588,314,313.5,313,312.5,312,314.5,315,315.5,316,316.5
1685495650765634588,314,313.5,313,312.5,312,314.5,315,315.5,316,316.5
1685495650796055375,314,313.5,313,312.5,312,314.5,315,315.5,316,316.5
1685495661976309507,314,313.5,313,312.5,312,314.5,315,315.5,316,316.5
1685495661976309507,314,313.5,313,312.5,312,314.5,315,315.5,316,316.5
1685495670878166046,314,313.5,313,312.5,312,314.5,315,315.5,316,316.5
1685495671217425616,314,313.5,313,312.5,312,314.5,315,315.5,316,316.5
1685495671350109608,314,313.5,313,312.5,312,314.5,315,315.5,316,316.5
1685495671383064643,314,313.5,313,312.5,312,314.5,315,315.5,316,316.5
1685495672456963942,314,313.5,313,312.5,312,314.5,315,315.5,316,316.5
1685495672456963942,314,313.5,313,312.5,312,314.5,315,315.5,316,316.5
1685495679704891904,314,313.5,313,312.5,312,314.5,315,315.5,316,316.5
1685495679737743996,314,313.5,313,312.5,312,314.5,315,315.5,316,316.5
1685495681650513453,314,313.5,313,312.5,312,314.5,315,315.5,316,316.5
1685495681673603165,314,313.5,313,312.5,312,315,315.5,316,316.5,317
1685495681673603165,314,313.5,313,312.5,312,315,315.5,316,316.5,317
1685495682157465035,314,313.5,313,312.5,312,315,315.5,316,316.5,317
1685495682178145583,314,313.5,313,312.5,312,315,315.5,316,316.5,317
1685495687376874865,314,313.5,313,312.5,312,315,315.5,316,316.5,317
1685495690192978997,314,313.5,313,312.5,312,315,315.5,316,316.5,317
1685495696326724707,314,313.5,313,312.5,312,315,315.5,316,316.5,317
1685495697469909184,314,313.5,313,312.5,312,315,315.5,316,316.5,317
1685495706276976195,314,313.5,313,312.5,312,315,315.5,316,316.5,317
1685495707219433454,314,313.5,313,312.5,312,315,315.5,316,316.5,317
1685495716573660532,314,313.5,313,312.5,312,314.5,315,315.5,316,316.5
1685495716594135765,314,313.5,313,312.5,312,314.5,315,315.5,316,316.5
1685495717593290288,314,313.5,313,312.5,312,314.5,315,315.5,316,316.5
1685495722707169441,314,313.5,313,312.5,312,314.5,315,315.5,316,316.5
1685495722741872939,314,313.5,313,312.5,312,314.5,315,315.5,316,316.5
1685495722774875543,314,313.5,313,312.5,312,314.5,315,315.5,316,316.5
1685495722809749090,313.5,313,312.5,312,311.5,314.5,315,315.5,316,316.5
1685495722809749090,313.5,313,312.5,312,311.5,314.5,315,315.5,316,316.5
1685495722809749090,313.5,313,312.5,312,311.5,314.5,315,315.5,316,316.5
1685495722809749090,313.5,313,312.5,312,311.5,314,314.5,315,315.5,316
1685495722809862303,313.5,313,312.5,312,311.5,314,314.5,315,315.5,316
1685495722809862303,313.5,313,312.5,312,311.5,314,314.5,315,315.5,316
1685495722844473868,313.5,313,312.5,312,311.5,314,314.5,315,315.5,316
1685495722844473868,313.5,313,312.5,312,311.5,314,314.5,315,315.5,316
1685495722854705118,313.5,313,312.5,312,311.5,314,314.5,315,315.5,316
1685495723123011709,313.5,313,312.5,312,311.5,314,314.5,315,315.5,316
1685495723714011867,313.5,313,312.5,312,311.5,314.5,315,315.5,316,316.5
1685495723746716402,313.5,313,312.5,312,311.5,314.5,315,315.5,316,316.5
1685495726100022054,313.5,313,312.5,312,311.5,314,314.5,315,315.5,316
1685495728588184287,313.5,313,312.5,312,311.5,314,314.5,315,315.5,316
1685495742928483999,313.5,313,312.5,312,311.5,314,314.5,315,315.5,316
1685495745836524329,313.5,313,312.5,312,311.5,314,314.5,315,315.5,316
1685495746252290174,313.5,313,312.5,312,311.5,314,314.5,315,315.5,316
1685495746352634757,313.5,313,312.5,312,311.5,314,314.5,315,315.5,316
1685495749254642311,313.5,313,312.5,312,311.5,314,314.5,315,315.5,316
1685495752094253201,313.5,313,312.5,312,311.5,314,314.5,315,315.5,316
1685495753073256448,313.5,313,312.5,312,311.5,314,314.5,315,315.5,316
1685495753073256448,313.5,313,312.5,312,311.5,314,314.5,315,315.5,316
1685495753073256448,313.5,313,312.5,312,311.5,314,314.5,315,315.5,316
1685495753103951821,313.5,313,312.5,312,311.5,314,314.5,315,315.5,316
1685495753136863204,313.5,313,312.5,312,311.5,314,314.5,315,315.5,316
1685495756130922220,313.5,313,312.5,312,311.5,314,314.5,315,315.5,316
1685495756153596993,313.5,313,312.5,312,311.5,314,314.5,315,315.5,316
1685495756231260942,313.5,313,312.5,312,311.5,314,314.5,315,315.5,316
1685495756231260942,313.5,313,312.5,312,311.5,314,314.5,315,315.5,316
1685495756264123293,313.5,313,312.5,312,311.5,314,314.5,315,315.5,316
1685495756264123293,313.5,313,312.5,312,311.5,314,314.5,315,315.5,316
1685495756264158148,313.5,313,312.5,312,311.5,314,314.5,315,315.5,316
1685495756296796919,313.5,313,312.5,312,311.5,314,314.5,315,315.5,316
1685495756296796919,313.5,313,312.5,312,311.5,314,314.5,315,315.5,316
1685495756296796919,313.5,313,312.5,312,311.5,314,314.5,315,315.5,316
1685495756296828609,313.5,313,312.5,312,311.5,314,314.5,315,315.5,316
1685495756317165252,313.5,313,312.5,312,311.5,314,314.5,315,315.5,316
1685495756317165252,313.5,313,312.5,312,311.5,314,314.5,315,315.5,316
1685495756337796929,313.5,313,312.5,312,311.5,314,314.5,315,315.5,316
1685495758209577069,313.5,313,312.5,312,311.5,314,314.5,315,315.5,316
1685495758209577069,313.5,313,312.5,312,311.5,314,314.5,315,315.5,316
1685495758846573669,313.5,313,312.5,312,311.5,314,314.5,315,315.5,316
1685495758879326414,313.5,313,312.5,312,311.5,314,314.5,315,315.5,316
1685495759860387926,313.5,313,312.5,312,311.5,314,314.5,315,315.5,316
1685495759860387926,313.5,313,312.5,312,311.5,314,314.5,315,315.5,316
1685495760036664786,313.5,313,312.5,312,311.5,314,314.5,315,315.5,316
1685495760069219811,313.5,313,312.5,312,311.5,314,314.5,315,315.5,316
1685495760403085584,313.5,313,312.5,312,311.5,314,314.5,315,315.5,316
1685495760423636379,313.5,313,312.5,312,311.5,314,314.5,315,315.5,316
1685495767877520586,313.5,313,312.5,312,311.5,314,314.5,315,315.5,316
1685495772551106256,313.5,313,312.5,312,311.5,314,314.5,315,315.5,316
1685495772630779367,313.5,313,312.5,312,311.5,314,314.5,315,315.5,316
1685495773134590833,313.5,313,312.5,312,311.5,314,314.5,315,315.5,316
1685495774599899729,313.5,313,312.5,312,311.5,314,314.5,315,315.5,316
1685495775689547479,313.5,313,312.5,312,311.5,314,314.5,315,315.5,316
1685495777145913214,313.5,313,312.5,312,311.5,314,314.5,315,315.5,316
1685495777178580338,313.5,313,312.5,312,311.5,314,314.5,315,315.5,316
1685495777178580338,313,312.5,312,311.5,311,314,314.5,315,315.5,316
1685495777213215959,313,312.5,312,311.5,311,314,314.5,315,315.5,316
1685495777223615695,313,312.5,312,311.5,311,314,314.5,315,315.5,316
1685495777223745418,313,312.5,312,311.5,311,314,314.5,315,315.5,316
1685495778750312340,313,312.5,312,311.5,311,314,314.5,315,315.5,316
1685495780887531118,313,312.5,312,311.5,311,314,314.5,315,315.5,316
1685495781683123771,313,312.5,312,311.5,311,314,314.5,315,315.5,316
1685495781726284979,313,312.5,312,311.5,311,314,314.5,315,315.5,316
1685495783143255878,313,312.5,312,311.5,311,314,314.5,315,315.5,316
1685495783176042617,313,312.5,312,311.5,311,314,314.5,315,315.5,316
1685495783176042617,313,312.5,312,311.5,311,314,314.5,315,315.5,316
1685495787464637324,313,312.5,312,311.5,311,314,314.5,315,315.5,316
1685495789445118698,313.5,313,312.5,312,311.5,314,314.5,315,315.5,316
1685495791360945779,313.5,313,312.5,312,311.5,314,314.5,315,315.5,316
1685495791360945779,313.5,313,312.5,312,311.5,314,314.5,315,315.5,316
1685495792962548065,313.5,313,312.5,312,311.5,314,314.5,315,315.5,316
1685495793800119046,313.5,313,312.5,312,311.5,314,314.5,315,315.5,316
1685495794670690536,313.5,313,312.5,312,311.5,314,314.5,315,315.5,316
1685495794705404694,313.5,313,312.5,312,311.5,314,314.5,315,315.5,316
1685495794705404694,313.5,313,312.5,312,311.5,314,314.5,315,315.5,316
1685495795498976894,313.5,313,312.5,312,311.5,314,314.5,315,315.5,316
1685495797147722364,313.5,313,312.5,312,311.5,314,314.5,315,315.5,316
1685495797748253799,313.5,313,312.5,312,311.5,314,314.5,315,315.5,316
1685495801805015786,313.5,313,312.5,312,311.5,314,314.5,315,315.5,316
1685495801848018346,313.5,313,312.5,312,311.5,314,314.5,315,315.5,316
1685495801848018346,313.5,313,312.5,312,311.5,314,314.5,315,315.5,316
1685495801880690170,313.5,313,312.5,312,311.5,314,314.5,315,315.5,316
1685495801880690170,313.5,313,312.5,312,311.5,314,314.5,315,315.5,316
1685495803056169864,313.5,313,312.5,312,311.5,314,314.5,315,315.5,316
1685495806750773688,313.5,313,312.5,312,311.5,314,314.5,315,315.5,316
1685495809872124284,313.5,313,312.5,312,311.5,314,314.5,315,315.5,316
1685495810871467833,313.5,313,312.5,312,311.5,314,314.5,315,315.5,316
1685495821847229567,313.5,313,312.5,312,311.5,314,314.5,315,315.5,316
1685495823042826994,313.5,313,312.5,312,311.5,314,314.5,315,315.5,316
1685495824152895907,313.5,313,312.5,312,311.5,314,314.5,315,315.5,316
1685495826912577488,313.5,313,312.5,312,311.5,314,314.5,315,315.5,316
1685495826953543374,313.5,313,312.5,312,311.5,314,314.5,315,315.5,316
1685495827127645621,313.5,313,312.5,312,311.5,314,314.5,315,315.5,316
1685495828824295646,313.5,313,312.5,312,311.5,314,314.5,315,315.5,316
1685495830023592369,313.5,313,312.5,312,311.5,314,314.5,315,315.5,316
1685495832631816660,313.5,313,312.5,312,311.5,314,314.5,315,315.5,316
1685495832631853750,313.5,313,312.5,312,311.5,314,314.5,315,315.5,316
1685495832664507339,313.5,313,312.5,312,311.5,314.5,315,315.5,316,316.5
1685495832684949841,313.5,313,312.5,312,311.5,314.5,315,315.5,316,316.5
1685495832725975960,313.5,313,312.5,312,311.5,315,315.5,316,316.5,317
1685495832736075623,313.5,313,312.5,312,311.5,315,315.5,316,316.5,317
1685495832746405037,314,313.5,313,312.5,312,315,315.5,316,316.5,317
1685495832746428571,314,313.5,313,312.5,312,315,315.5,316,316.5,317
1685495832756666203,314,313.5,313,312.5,312,315,315.5,316,316.5,317
1685495836664381849,314,313.5,313,312.5,312,315,315.5,316,316.5,317
1685495836799443426,314,313.5,313,312.5,312,315,315.5,316,316.5,317
1685495837481415831,314,313.5,313,312.5,312,315,315.5,316,316.5,317
1685495842413118095,314,313.5,313,312.5,312,315,315.5,316,316.5,317
1685495842445811709,314,313.5,313,312.5,312,315,315.5,316,316.5,317
1685495844438594442,314,313.5,313,312.5,312,315,315.5,316,316.5,317
1685495845224975951,314,313.5,313,312.5,312,315,315.5,316,316.5,317
1685495846216311305,314,313.5,313,312.5,312,315,315.5,316,316.5,317
1685495863112396929,314,313.5,313,312.5,312,315,315.5,316,316.5,317
1685495869836008756,314,313.5,313,312.5,312,315,315.5,316,316.5,317
1685495875370814107,314,313.5,313,312.5,312,315,315.5,316,316.5,317
1685495881747520239,314,313.5,313,312.5,312,315,315.5,316,316.5,317
1685495881747520239,314.5,314,313.5,313,312.5,315,315.5,316,316.5,317
1685495881757573634,314.5,314,313.5,313,312.5,315,315.5,316,316.5,317
1685495881780121710,314.5,314,313.5,313,312.5,315,315.5,316,316.5,317
1685495881780121710,314.5,314,313.5,313,312.5,315.5,316,316.5,317,317.5
1685495881780177705,315,314.5,314,313.5,313,315.5,316,316.5,317,317.5
1685495881780177705,315,314.5,314,313.5,313,315.5,316,316.5,317,317.5
1685495881780177705,315,314.5,314,313.5,313,315.5,316,316.5,317,317.5
1685495881780266492,315,314.5,314,313.5,313,315.5,316,316.5,317,317.5
1685495881825181883,315,314.5,314,313.5,313,315.5,316,316.5,317,317.5
1685495883031426763,315,314.5,314,313.5,313,315.5,316,316.5,317,317.5
1685495883283328254,315,314.5,314,313.5,313,315.5,316,316.5,317,317.5
1685495890127888622,315,314.5,314,313.5,313,315.5,316,316.5,317,317.5
1685495890160664891,315,314.5,314,313.5,313,315.5,316,316.5,317,317.5
1685495890160664891,315,314.5,314,313.5,313,316,316.5,317,317.5,318
1685495890566193577,315,314.5,314,313.5,313,316,316.5,317,317.5,318
1685495890566193577,315,314.5,314,313.5,313,316,316.5,317,317.5,318
1685495893489011459,315.5,315,314.5,314,313.5,316,316.5,317,317.5,318
1685495893523522676,315,314.5,314,313.5,313,316,316.5,317,317.5,318
1685495893523522676,315.5,315,314.5,314,313.5,316,316.5,317,317.5,318
1685495893546165630,315,314.5,314,313.5,313,316,316.5,317,317.5,318
1685495893621997429,315,314.5,314,313.5,313,316,316.5,317,317.5,318
1685495896294423245,315,314.5,314,313.5,313,315.5,316,316.5,317,317.5
1685495896294423245,315,314.5,314,313.5,313,315.5,316,316.5,317,317.5
1685495899053156278,315,314.5,314,313.5,313,315.5,316,316.5,317,317.5
1685495899063430910,315,314.5,314,313.5,313,315.5,316,316.5,317,317.5
1685495899075754057,314.5,314,313.5,313,312.5,315.5,316,316.5,317,317.5
1685495899106452866,314.5,314,313.5,313,312.5,315.5,316,316.5,317,317.5
1685495899163822170,314.5,314,313.5,313,312.5,315.5,316,316.5,317,317.5
1685495899722854118,315,314.5,314,313.5,313,315.5,316,316.5,317,317.5
1685495900221633748,314.5,314,313.5,313,312.5,315,315.5,316,316.5,317
1685495900315741090,314.5,314,313.5,313,312.5,315.5,316,316.5,317,317.5
1685495900393529232,314.5,314,313.5,313,312.5,315,315.5,316,316.5,317
1685495900614724330,314.5,314,313.5,313,312.5,315,315.5,316,316.5,317
1685495902101657029,314.5,314,313.5,313,312.5,315,315.5,316,316.5,317
1685495902134410385,314.5,314,313.5,313,312.5,315,315.5,316,316.5,317
1685495902269492380,314,313.5,313,312.5,312,314.5,315,315.5,316,316.5
1685495902304788651,314,313.5,313,312.5,312,314.5,315,315.5,316,316.5
1685495902314567011,314,313.5,313,312.5,312,314.5,315,315.5,316,316.5
1685495902462027647,314,313.5,313,312.5,312,314.5,315,315.5,316,316.5
1685495902496905913,314,313.5,313,312.5,312,314.5,315,315.5,316,316.5
1685495902496905913,314,313.5,313,312.5,312,314.5,315,315.5,316,316.5
1685495902541847734,314,313.5,313,312.5,312,314.5,315,315.5,316,316.5
1685495902552145860,314,313.5,313,312.5,312,314.5,315,315.5,316,316.5
1685495902552145860,314,313.5,313,312.5,312,314.5,315,315.5,316,316.5
1685495902564422099,314,313.5,313,312.5,312,314.5,315,315.5,316,316.5
1685495902564422099,314,313.5,313,312.5,312,314.5,315,315.5,316,316.5
1685495902574783884,313.5,313,312.5,312,311.5,314.5,315,315.5,316,316.5
1685495903058025521,313.5,313,312.5,312,311.5,315,315.5,316,316.5,317
1685495905220763897,313,312.5,312,311.5,311,315,315.5,316,316.5,317
1685495905266114906,313,312.5,312,311.5,311,315,315.5,316,316.5,317
1685495905298684167,313,312.5,312,311.5,311,315,315.5,316,316.5,317
1685495905310905754,313,312.5,312,311.5,311,315,315.5,316,316.5,317
1685495905310905754,313,312.5,312,311.5,311,315,315.5,316,316.5,317
1685495905607865084,313,312.5,312,311.5,311,315,315.5,316,316.5,317
1685495908921837875,313,312.5,312,311.5,311,315,315.5,316,316.5,317
1685495910849773665,313,312.5,312,311.5,311,315,315.5,316,316.5,317
1685495910872273700,313,312.5,312,311.5,311,315,315.5,316,316.5,317
1685495913499873053,313,312.5,312,311.5,311,315,315.5,316,316.5,317
1685495916719644776,313,312.5,312,311.5,311,315,315.5,316,316.5,317
1685495922062652077,313.5,313,312.5,312,311.5,315,315.5,316,316.5,317
1685495922093368149,313.5,313,312.5,312,311.5,315,315.5,316,316.5,317
1685495922093368149,313.5,313,312.5,312,311.5,315,315.5,316,316.5,317
1685495924034936195,313.5,313,312.5,312,311.5,315,315.5,316,316.5,317
1685495925927343428,313.5,313,312.5,312,311.5,314.5,315,315.5,316,316.5
1685495925948010642,313.5,313,312.5,312,311.5,314.5,315,315.5,316,316.5
1685495927673177501,313.5,313,312.5,312,311.5,315,315.5,316,316.5,317
1685495930586505498,313.5,313,312.5,312,311.5,315,315.5,316,316.5,317
1685495930631572304,313,312.5,312,311.5,311,315,315.5,316,316.5,317
1685495930652141083,313,312.5,312,311.5,311,315,315.5,316,316.5,317
1685495930664512862,313,312.5,312,311.5,311,315,315.5,316,316.5,317
1685495930674676284,313,312.5,312,311.5,311,315,315.5,316,316.5,317
1685495930686927667,313,312.5,312,311.5,311,315,315.5,316,316.5,317
1685495933742583423,313,312.5,312,311.5,311,315,315.5,316,316.5,317
1685495933773468281,313,312.5,312,311.5,311,315,315.5,316,316.5,317
1685495934357554309,313,312.5,312,311.5,311,315,315.5,316,316.5,317
1685495938865653680,313.5,313,312.5,312,311.5,315,315.5,316,316.5,317
1685495938886271431,313.5,313,312.5,312,311.5,315,315.5,316,316.5,317
1685495938886271431,313.5,313,312.5,312,311.5,315,315.5,316,316.5,317
1685495939734015243,313.5,313,312.5,312,311.5,315,315.5,316,316.5,317
1685495940440659984,313.5,313,312.5,312,311.5,315,315.5,316,316.5,317
1685495940854184993,313.5,313,312.5,312,311.5,315,315.5,316,316.5,317
1685495941836305887,313.5,313,312.5,312,311.5,315,315.5,316,316.5,317
1685495943281172295,313.5,313,312.5,312,311.5,315,315.5,316,316.5,317
1685495946912708423,313.5,313,312.5,312,311.5,315,315.5,316,316.5,317
1685495949604454055,314,313.5,313,312.5,312,315,315.5,316,316.5,317
1685495949637501424,314,313.5,313,312.5,312,315,315.5,316,316.5,317
1685495950274471245,314,313.5,313,312.5,312,315,315.5,316,316.5,317
1685495950274532580,314,313.5,313,312.5,312,315,315.5,316,316.5,317
1685495959480983434,314,313.5,313,312.5,312,314.5,315,315.5,316,316.5
1685495959512941287,314,313.5,313,312.5,312,315,315.5,316,316.5,317
1685495959570485721,314,313.5,313,312.5,312,315,315.5,316,316.5,317
1685495961872218550,314,313.5,313,312.5,312,315.5,316,316.5,317,317.5
1685495961907503700,314,313.5,313,312.5,312,315.5,316,316.5,317,317.5
1685495964587804444,314,313.5,313,312.5,312,315.5,316,316.5,317,317.5
1685495964620629977,314,313.5,313,312.5,312,315.5,316,316.5,317,317.5
1685495968345037167,314,313.5,313,312.5,312,315.5,316,316.5,317,317.5
1685495970079777823,314,313.5,313,312.5,312,315.5,316,316.5,317,317.5
1685495970985849661,314,313.5,313,312.5,312,315.5,316,316.5,317,317.5
1685495972529088139,314,313.5,313,312.5,312,315.5,316,316.5,317,317.5
1685495974355807611,314,313.5,313,312.5,312,315.5,316,316.5,317,317.5
1685495979231216271,314,313.5,313,312.5,312,315.5,316,316.5,317,317.5
1685495981589610556,314,313.5,313,312.5,312,315.5,316,316.5,317,317.5
1685495984375852052,314,313.5,313,312.5,312,315.5,316,316.5,317,317.5
1685495988256937037,314,313.5,313,312.5,312,315.5,316,316.5,317,317.5
1685495990517957487,315,314,313.5,313,312.5,315.5,316,316.5,317,317.5
1685495990550698590,315,314,313.5,313,312.5,315.5,316,316.5,317,317.5
1685495990550698590,315,314,313.5,313,312.5,316,316.5,317,317.5,318
1685495990550809719,315,314,313.5,313,312.5,316,316.5,317,317.5,318
1685495990585469695,315,314,313.5,313,312.5,316,316.5,317,317.5,318
1685495990585469695,315,314,313.5,313,312.5,316,316.5,317,317.5,318
1685495997282531757,315,314,313.5,313,312.5,316,316.5,317,317.5,318
1685495997546722642,315,314,313.5,313,312.5,315.5,316,316.5,317,317.5
1685495997579607896,315,314,313.5,313,312.5,316,316.5,317,317.5,318
1685495998572662540,315,314.5,314,313.5,313,316,316.5,317,317.5,318
1685496001269228024,315,314.5,314,313.5,313,316,316.5,317,317.5,318
1685496004692292317,315,314.5,314,313.5,313,316,316.5,317,317.5,318
1685496004988021056,315,314.5,314,313.5,313,315.5,316,316.5,317,317.5
1685496005008666559,315,314.5,314,313.5,313,316,316.5,317,317.5,318
1685496009778918553,315,314.5,314,313.5,313,316,316.5,317,317.5,318
1685496012972299531,315.5,315,314.5,314,313.5,316,316.5,317,317.5,318
1685496013003244211,315.5,315,314.5,314,313.5,316,316.5,317,317.5,318
1685496016430364430,315.5,315,314.5,314,313.5,316,316.5,317,317.5,318
1685496017102517871,315.5,315,314.5,314,313.5,316,316.5,317,317.5,318
1685496017102543419,315.5,315,314.5,314,313.5,316,316.5,317,317.5,318
1685496017124948506,315.5,315,314.5,314,313.5,316,316.5,317,317.5,318
1685496017124973453,315.5,315,314.5,314,313.5,316.5,317,317.5,318,318.5
1685496017147406582,316,315.5,315,314.5,314,316.5,317,317.5,318,318.5
1685496017147406582,316,315.5,315,314.5,314,316.5,317,317.5,318,318.5
1685496017182125109,315.5,315,314.5,314,313.5,316.5,317,317.5,318,318.5
1685496017182125109,315.5,315,314.5,314,313.5,316.5,317,317.5,318,318.5
1685496017182332979,315.5,315,314.5,314,313.5,316.5,317,317.5,318,318.5
1685496017182332979,315.5,315,314.5,314,313.5,316.5,317,317.5,318,318.5
1685496020859229128,316,315.5,315,314.5,314,316.5,317,317.5,318,318.5
1685496020889935491,316,315.5,315,314.5,314,316.5,317,317.5,318,318.5
1685496021717324868,316,315.5,315,314.5,314,316.5,317,317.5,318,318.5
1685496021740225535,315.5,315,314.5,314,313.5,316.5,317,317.5,318,318.5
1685496021750919784,315,314.5,314,313.5,313,316.5,317,317.5,318,318.5
1685496021762947868,315,314.5,314,313.5,313,316.5,317,317.5,318,318.5
1685496021773339308,315,314.5,314,313.5,313,316.5,317,317.5,318,318.5
1685496022188513945,315,314.5,314,313.5,313,316.5,317,317.5,318,318.5
1685496022315442812,315,314.5,314,313.5,313,316.5,317,317.5,318,318.5
1685496023413544269,315.5,315,314.5,314,313.5,316.5,317,317.5,318,318.5
1685496024727016818,315.5,315,314.5,314,313.5,316.5,317,317.5,318,318.5
1685496025065847274,315.5,315,314.5,314,313.5,316.5,317,317.5,318,318.5
1685496026800577812,315.5,315,314.5,314,313.5,316,316.5,317,317.5,318
1685496026831316776,315.5,315,314.5,314,313.5,316,316.5,317,317.5,318
1685496026831316776,315.5,315,314.5,314,313.5,316,316.5,317,317.5,318
1685496026831316776,315.5,315,314.5,314,313.5,316,316.5,317,317.5,318
1685496026831352443,315.5,315,314.5,314,313.5,316,316.5,317,317.5,318
1685496026862048046,315,314.5,314,313.5,313,316,316.5,317,317.5,318
1685496026862048046,315,314.5,314,313.5,313,316,316.5,317,317.5,318
1685496026897082245,315,314.5,314,313.5,313,316,316.5,317,317.5,318
1685496026897082245,314.5,314,313.5,313,312.5,316,316.5,317,317.5,318
1685496026897082245,314.5,314,313.5,313,312.5,316,316.5,317,317.5,318
1685496026907042596,314.5,314,313.5,313,312.5,316,316.5,317,317.5,318
1685496028803543749,314.5,314,313.5,313,312.5,316,316.5,317,317.5,318
1685496029899359724,314.5,314,313.5,313,312.5,316,316.5,317,317.5,318
1685496030431776361,314.5,314,313.5,313,312.5,316,316.5,317,317.5,318
1685496031862292367,314.5,314,313.5,313,312.5,316,316.5,317,317.5,318
1685496034155997727,314.5,314,313.5,313,312.5,316,316.5,317,317.5,318
1685496034760310353,314.5,314,313.5,313,312.5,316,316.5,317,317.5,318
1685496034844363277,315,314.5,314,313.5,313,316,316.5,317,317.5,318
1685496034876989976,315,314.5,314,313.5,313,316,316.5,317,317.5,318
1685496035419646949,315,314.5,314,313.5,313,316,316.5,317,317.5,318
1685496035452472602,315,314.5,314,313.5,313,316,316.5,317,317.5,318
1685496037395155434,315,314.5,314,313.5,313,316,316.5,317,317.5,318
1685496037417776727,315,314.5,314,313.5,313,316.5,317,317.5,318,318.5
1685496037440243340,315,314.5,314,313.5,313,316.5,317,317.5,318,318.5
1685496037493585854,315,314.5,314,313.5,313,316.5,317,317.5,318,318.5
1685496037702177097,315,314.5,314,313.5,313,315.5,316.5,317,317.5,318
1685496039149050305,315,314.5,314,313.5,313,315.5,316.5,317,317.5,318
1685496039605784904,315,314.5,314,313.5,313,315.5,316.5,317,317.5,318
1685496039933536739,315,314.5,314,313.5,313,315.5,316.5,317,317.5,318
1685496040074758402,315,314.5,314,313.5,313,315.5,316.5,317,317.5,318
1685496040107534631,315,314.5,314,313.5,313,316.5,317,317.5,318,318.5
1685496040320681398,315,314.5,314,313.5,313,316.5,317,317.5,318,318.5
1685496040363679800,315,314.5,314,313.5,313,316.5,317,317.5,318,318.5
1685496040363704006,315,314.5,314,313.5,313,316.5,317,317.5,318,318.5
1685496043421284060,315,314.5,314,313.5,313,316.5,317,317.5,318,318.5
1685496043452030137,315,314.5,314,313.5,313,316.5,317,317.5,318,318.5
1685496044058192557,315,314.5,314,313.5,313,316.5,317,317.5,318,318.5
1685496045128366968,315,314.5,314,313.5,313,316.5,317,317.5,318,318.5
1685496049625808896,315,314.5,314,313.5,313,316.5,317,317.5,318,318.5
1685496050075327857,315,314.5,314,313.5,313,316.5,317,317.5,318,318.5
1685496050116252536,315,314.5,314,313.5,313,316.5,317,317.5,318,318.5
1685496051660585351,315,314.5,314,313.5,313,316.5,317,317.5,318,318.5
1685496055033552615,315,314.5,314,313.5,313,316.5,317,317.5,318,318.5
1685496058811450083,315,314.5,314,313.5,313,316.5,317,317.5,318,318.5
1685496060685212743,315.5,315,314.5,314,313.5,316.5,317,317.5,318,318.5
1685496064065180071,315.5,315,314.5,314,313.5,316.5,317,317.5,318,318.5
1685496065170333950,315.5,315,314.5,314,313.5,316.5,317,317.5,318,318.5
1685496066769801033,315.5,315,314.5,314,313.5,316.5,317,317.5,318,318.5
1685496066780101022,315.5,315,314.5,314,313.5,316.5,317,317.5,318,318.5
1685496071996529235,315.5,315,314.5,314,313.5,316.5,317,317.5,318,318.5
1685496074272671610,315.5,315,314.5,314,313.5,316.5,317,317.5,318,318.5
1685496074272671610,315.5,315,314.5,314,313.5,316.5,317,317.5,318,318.5
1685496081889347355,315.5,315,314.5,314,313.5,316.5,317,317.5,318,318.5
1685496089166285331,315.5,315,314.5,314,313.5,316,316.5,317,317.5,318
1685496090067097825,315.5,315,314.5,314,313.5,316,316.5,317,317.5,318
1685496090610021440,315.5,315,314.5,314,313.5,316,316.5,317,317.5,318
1685496090640475058,315.5,315,314.5,314,313.5,316,316.5,317,317.5,318
1685496090671570772,315,314.5,314,313.5,313,316,316.5,317,317.5,318
1685496090691865056,315,314.5,314,313.5,313,316,316.5,317,317.5,318
1685496090712318810,315,314.5,314,313.5,313,316,316.5,317,317.5,318
1685496092880157428,315,314.5,314,313.5,313,316,316.5,317,317.5,318
1685496092901616639,315,314.5,314,313.5,313,316,316.5,317,317.5,318
1685496103182588406,315,314.5,314,313.5,313,316,316.5,317,317.5,318
1685496104773869992,315,314.5,314,313.5,313,315.5,316,316.5,317,317.5
1685496110973300459,315,314.5,314,313.5,313,315.5,316,316.5,317,317.5
1685496112347744939,315,314.5,314,313.5,313,315.5,316,316.5,317,317.5
1685496115954030216,315,314.5,314,313.5,313,315.5,316,316.5,317,317.5
1685496117856527670,315,314.5,314,313.5,313,315.5,316,316.5,317,317.5
1685496117879211851,315,314.5,314,313.5,313,315.5,316,316.5,317,317.5
1685496117879211851,314.5,314,313.5,313,312.5,315.5,316,316.5,317,317.5
1685496117899734333,314.5,314,313.5,313,312.5,315.5,316,316.5,317,317.5
1685496117899749712,314.5,314,313.5,313,312.5,315.5,316,316.5,317,317.5
1685496117909852531,314.5,314,313.5,313,312.5,315.5,316,316.5,317,317.5
1685496117909877498,314.5,314,313.5,313,312.5,315.5,316,316.5,317,317.5
1685496117942631505,314.5,314,313.5,313,312.5,315.5,316,316.5,317,317.5
1685496119200224559,314.5,314,313.5,313,312.5,315.5,316,316.5,317,317.5
1685496125011342585,314.5,314,313.5,313,312.5,315,315.5,316,316.5,317
1685496125011342585,314.5,314,313.5,313,312.5,315,315.5,316,316.5,317
1685496125044103456,314,313.5,313,312.5,312,315,315.5,316,316.5,317
1685496125077045898,314,313.5,313,312.5,312,315,315.5,316,316.5,317
1685496125089359126,314,313.5,313,312.5,312,315,315.5,316,316.5,317
1685496125099469089,314,313.5,313,312.5,312,315,315.5,316,316.5,317
1685496125109793994,314,313.5,313,312.5,312,315,315.5,316,316.5,317
1685496125850984969,314,313.5,313,312.5,312,315,315.5,316,316.5,317
1685496125881738210,314,313.5,313,312.5,312,315,315.5,316,316.5,317
1685496126199290295,314,313.5,313,312.5,312,315,315.5,316,316.5,317
1685496126907848450,314,313.5,313,312.5,312,315,315.5,316,316.5,317
1685496127307290829,314,313.5,313,312.5,312,315,315.5,316,316.5,317
1685496129261116536,314,313.5,313,312.5,312,315,315.5,316,316.5,317
1685496130275881614,314,313.5,313,312.5,312,315,315.5,316,316.5,317
1685496130443792237,314,313.5,313,312.5,312,315,315.5,316,316.5,317
1685496136744566987,314,313.5,313,312.5,312,315,315.5,316,316.5,317
1685496141267694658,314,313.5,313,312.5,312,315,315.5,316,316.5,317
1685496143837837912,314,313.5,313,312.5,312,315,315.5,316,316.5,317
1685496145239977562,314.5,314,313.5,313,312.5,315,315.5,316,316.5,317
1685496145270564350,314.5,314,313.5,313,312.5,315,315.5,316,316.5,317
1685496151970584982,314,313.5,313,312.5,312,315,315.5,316,316.5,317
1685496152181432973,314,313.5,313,312.5,312,315,315.5,316,316.5,317
1685496152659703738,314,313.5,313,312.5,312,314.5,315,315.5,316,316.5
1685496153198151610,314,313.5,313,312.5,312,314.5,315,315.5,316,316.5
1685496153519949537,314,313.5,313,312.5,312,314.5,315,315.5,316,316.5
1685496153606100110,314,313.5,313,312.5,312,314.5,315,315.5,316,316.5
1685496166959165025,314,313.5,313,312.5,312,314.5,315,315.5,316,316.5
1685496170687389084,314,313.5,313,312.5,312,314.5,315,315.5,316,316.5
1685496171930568766,314,313.5,313,312.5,312,314.5,315,315.5,316,316.5
1685496176362371130,314,313.5,313,312.5,312,314.5,315,315.5,316,316.5
1685496178411564517,314,313.5,313,312.5,312,314.5,315,315.5,316,316.5
1685496185043000380,314,313.5,313,312.5,312,314.5,315,315.5,316,316.5
1685496189156523634,314,313.5,313,312.5,312,314.5,315,315.5,316,316.5
1685496195174557715,314,313.5,313,312.5,312,314.5,315,315.5,316,316.5
1685496206334372133,314,313.5,313,312.5,312,314.5,315,315.5,316,316.5
1685496211941512495,314,313.5,313,312.5,312,314.5,315,315.5,316,316.5
1685496211971653787,314,313.5,313,312.5,312,314.5,315,315.5,316,316.5
1685496212508927494,314,313.5,313,312.5,312,314.5,315,315.5,316,316.5
1685496212848008081,314,313.5,313,312.5,312,314.5,315,315.5,316,316.5
1685496213865867510,314,313.5,313,312.5,312,314.5,315,315.5,316,316.5
1685496220035464142,314,313.5,313,312.5,312,314.5,315,315.5,316,316.5
1685496226939565477,314,313.5,313,312.5,312,314.5,315,315.5,316,316.5
1685496230612882036,314,313.5,313,312.5,312,314.5,315,315.5,316,316.5
1685496232498820482,314,313.5,313,312.5,312,314.5,315,315.5,316,316.5
1685496232666619135,314,313.5,313,312.5,312,314.5,315,315.5,316,316.5
1685496241456516480,314,313.5,313,312.5,312,314.5,315,315.5,316,316.5
1685496244846472742,314,313.5,313,312.5,312,314.5,315,315.5,316,316.5
1685496245843786426,314,313.5,313,312.5,312,314.5,315,315.5,316,316.5
1685496245879007646,313.5,313,312.5,312,311.5,314.5,315,315.5,316,316.5
1685496245923580434,313.5,313,312.5,312,311.5,314.5,315,315.5,316,316.5
1685496246824349549,313.5,313,312.5,312,311.5,314.5,315,315.5,316,316.5
1685496249322243514,313.5,313,312.5,312,311.5,314.5,315,315.5,316,316.5
1685496252497797882,313.5,313,312.5,312,311.5,314.5,315,315.5,316,316.5
1685496254706454665,313.5,313,312.5,312,311.5,314.5,315,315.5,316,316.5
1685496263206902391,313.5,313,312.5,312,311.5,314.5,315,315.5,316,316.5
1685496263878618914,313.5,313,312.5,312,311.5,314.5,315,315.5,316,316.5
1685496267703196949,313.5,313,312.5,312,311.5,314.5,315,315.5,316,316.5
1685496269057045932,313.5,313,312.5,312,311.5,314.5,315,315.5,316,316.5
1685496269317196342,313.5,313,312.5,312,311.5,314.5,315,315.5,316,316.5
1685496272212055757,313.5,313,312.5,312,311.5,314,314.5,315,315.5,316
1685496272246850457,313.5,313,312.5,312,311.5,314,314.5,315,315.5,316
1685496272246903967,313.5,313,312.5,312,311.5,314,314.5,315,315.5,316
1685496272246903967,313.5,313,312.5,312,311.5,314,314.5,315,315.5,316
1685496272269418580,313.5,313,312.5,312,311.5,314.5,315,315.5,316,316.5
1685496272304114784,313.5,313,312.5,312,311.5,314.5,315,315.5,316,316.5
1685496273201142525,313.5,313,312.5,312,311.5,314.5,315,315.5,316,316.5
1685496273279169686,313.5,313,312.5,312,311.5,314.5,315,315.5,316,316.5
1685496273312015196,313.5,313,312.5,312,311.5,314.5,315,315.5,316,316.5
1685496273356792468,313.5,313,312.5,312,311.5,314.5,315,315.5,316,316.5
1685496274473056600,313.5,313,312.5,312,311.5,314.5,315,315.5,316,316.5
1685496275023996477,313.5,313,312.5,312,311.5,314.5,315,315.5,316,316.5
1685496277499976568,314,313.5,313,312.5,312,314.5,315,315.5,316,316.5
1685496277643952352,314,313.5,313,312.5,312,315,315.5,316,316.5,317
1685496277673999628,314,313.5,313,312.5,312,315,315.5,316,316.5,317
1685496277673999628,314,313.5,313,312.5,312,315,315.5,316,316.5,317
1685496277674054852,314,313.5,313,312.5,312,315.5,316,316.5,317,317.5
1685496277684243973,314,313.5,313,312.5,312,315.5,316,316.5,317,317.5
1685496277694724280,314,313.5,313,312.5,312,315.5,316,316.5,317,317.5
1685496277707041627,314,313.5,313,312.5,312,315.5,316,316.5,317,317.5
1685496277727693081,314,313.5,313,312.5,312,315,315.5,316,316.5,317
1685496277727693081,314,313.5,313,312.5,312,315,315.5,316,316.5,317
1685496277747606700,314,313.5,313,312.5,312,315,315.5,316,316.5,317
1685496283298942231,314,313.5,313,312.5,312,315,315.5,316,316.5,317
1685496284793943627,314,313.5,313,312.5,312,315,315.5,316,316.5,317
1685496288805261640,314,313.5,313,312.5,312,315,315.5,316,316.5,317
1685496294375621511,314,313.5,313,312.5,312,314.5,315,315.5,316,316.5
1685496294396131159,314,313.5,313,312.5,312,314.5,315,315.5,316,316.5
1685496294416847355,314,313.5,313,312.5,312,315,315.5,316,316.5,317
1685496295975207212,314,313.5,313,312.5,312,315,315.5,316,316.5,317
1685496296966435861,314,313.5,313,312.5,312,315,315.5,316,316.5,317
1685496307432855399,314,313.5,313,312.5,312,315,315.5,316,316.5,317
1685496309892436812,314,313.5,313,312.5,312,315,315.5,316,316.5,317
1685496310993303755,314,313.5,313,312.5,312,315,315.5,316,316.5,317
1685496310993357035,314,313.5,313,312.5,312,315,315.5,316,316.5,317
1685496311036291227,314,313.5,313,312.5,312,315,315.5,316,316.5,317
1685496314915255347,314,313.5,313,312.5,312,315,315.5,316,316.5,317
1685496325899049234,314.5,314,313.5,313,312.5,315,315.5,316,316.5,317
1685496325933938891,314.5,314,313.5,313,312.5,315,315.5,316,316.5,317
1685496325966733546,314.5,314,313.5,313,312.5,315,315.5,316,316.5,317
1685496326003287378,314.5,314,313.5,313,312.5,315,315.5,316,316.5,317
1685496326040296876,314.5,314,313.5,313,312.5,315,315.5,316,316.5,317
1685496326050311128,314.5,314,313.5,313,312.5,315,315.5,316,316.5,317
1685496326085212899,314.5,314,313.5,313,312.5,315,315.5,316,316.5,317
1685496326160890198,314.5,314,313.5,313,312.5,315,315.5,316,316.5,317
1685496326191672484,314.5,314,313.5,313,312.5,315,315.5,316,316.5,317
1685496326191672484,314.5,314,313.5,313,312.5,315,315.5,316,316.5,317
1685496329442369070,314.5,314,313.5,313,312.5,315,315.5,316,316.5,317
1685496329482922201,314.5,314,313.5,313,312.5,315,315.5,316,316.5,317
1685496329483177811,314.5,314,313.5,313,312.5,315,315.5,316,316.5,317
1685496329513456682,314.5,314,313.5,313,312.5,315,315.5,316,316.5,317
1685496329513456682,314.5,314,313.5,313,312.5,315,315.5,316,316.5,317
1685496348491526945,314.5,314,313.5,313,312.5,315,315.5,316,316.5,317
1685496353090479146,314.5,314,313.5,313,312.5,315,315.5,316,316.5,317
1685496353125435398,314.5,314,313.5,313,312.5,315,315.5,316,316.5,317
1685496353125491744,314.5,314,313.5,313,312.5,315,315.5,316,316.5,317
1685496355648504525,314.5,314,313.5,313,312.5,315,315.5,316,316.5,317
1685496355681344985,314.5,314,313.5,313,312.5,315,315.5,316,316.5,317
1685496355924889286,314.5,314,313.5,313,312.5,315,315.5,316,316.5,317
1685496357523521719,314.5,314,313.5,313,312.5,315,315.5,316,316.5,317
1685496358303594219,314.5,314,313.5,313,312.5,315,315.5,316,316.5,317
1685496360014240706,314.5,314,313.5,313,312.5,315,315.5,316,316.5,317
1685496363306979852,314.5,314,313.5,313,312.5,315,315.5,316,316.5,317
1685496363306979852,314.5,314,313.5,313,312.5,315,315.5,316,316.5,317
1685496367157606620,314.5,314,313.5,313,312.5,315,315.5,316,316.5,317
1685496370075621996,314.5,314,313.5,313,312.5,315,315.5,316,316.5,317
1685496373789727977,314.5,314,313.5,313,312.5,315,315.5,316,316.5,317
1685496377023714451,314.5,314,313.5,313,312.5,315.5,316,316.5,317,317.5
1685496384118912117,314.5,314,313.5,313,312.5,315.5,316,316.5,317,317.5
1685496387062996240,314.5,314,313.5,313,312.5,315.5,316,316.5,317,317.5
1685496387837120973,314.5,314,313.5,313,312.5,315.5,316,316.5,317,317.5
1685496387859649522,314.5,314,313.5,313,312.5,315.5,316,316.5,317,317.5
1685496387859649522,314.5,314,313.5,313,312.5,315,315.5,316,316.5,317
1685496387859662105,314.5,314,313.5,313,312.5,315,315.5,316,316.5,317
1685496387880079901,314.5,314,313.5,313,312.5,315,315.5,316,316.5,317
1685496387921228951,314.5,314,313.5,313,312.5,315.5,316,316.5,317,317.5
1685496387943662211,314.5,314,313.5,313,312.5,315.5,316,316.5,317,317.5
1685496388199648593,314.5,314,313.5,313,312.5,315,315.5,316,316.5,317
1685496392936767113,314.5,314,313.5,313,312.5,315,315.5,316,316.5,317
1685496392967479047,314.5,314,313.5,313,312.5,315,315.5,316,316.5,317
1685496394179836612,314.5,314,313.5,313,312.5,315,315.5,316,316.5,317
1685496394222799979,314.5,314,313.5,313,312.5,315,315.5,316,316.5,317
1685496394284323714,314.5,314,313.5,313,312.5,315,315.5,316,316.5,317
1685496400434539192,314.5,314,313.5,313,312.5,315,315.5,316,316.5,317
1685496407921039088,314.5,314,313.5,313,312.5,315,315.5,316,316.5,317
1685496433870735157,314,313.5,313,312.5,312,315,315.5,316,316.5,317
1685496433911679313,314,313.5,313,312.5,312,315,315.5,316,316.5,317
1685496433911679313,314,313.5,313,312.5,312,315,315.5,316,316.5,317
1685496433923688281,314,313.5,313,312.5,312,315,315.5,316,316.5,317
1685496433944245378,314,313.5,313,312.5,312,315,315.5,316,316.5,317
1685496433964611106,314,313.5,313,312.5,312,315,315.5,316,316.5,317
1685496434835174991,314,313.5,313,312.5,312,315,315.5,316,316.5,317
1685496443318919547,314,313.5,313,312.5,312,315,315.5,316,316.5,317
1685496443349644325,314,313.5,313,312.5,312,315,315.5,316,316.5,317
1685496443370218204,314,313.5,313,312.5,312,315,315.5,316,316.5,317
1685496453013416517,314,313.5,313,312.5,312,315,315.5,316,316.5,317
1685496453089375385,314,313.5,313,312.5,312,315,315.5,316,316.5,317
1685496457612244480,314,313.5,313,312.5,312,315,315.5,316,316.5,317
1685496460879758207,314.5,314,313.5,313,312.5,315,315.5,316,316.5,317
1685496494746901104,314.5,314,313.5,313,312.5,315,315.5,316,316.5,317
1685496504796577605,314.5,314,313.5,313,312.5,315,315.5,316,316.5,317
1685496504829700205,314.5,314,313.5,313,312.5,315,315.5,316,316.5,317
1685496504839560288,314.5,314,313.5,313,312.5,315,315.5,316,316.5,317
1685496514481656409,314.5,314,313.5,313,312.5,315,315.5,316,316.5,317
1685496519602589807,314.5,314,313.5,313,312.5,315,315.5,316,316.5,317
1685496530086674273,314.5,314,313.5,313,312.5,315,315.5,316,316.5,317
1685496530121738649,314.5,314,313.5,313,312.5,315.5,316,316.5,317,317.5
1685496530154240904,314.5,314,313.5,313,312.5,315.5,316,316.5,317,317.5
1685496530154240904,314.5,314,313.5,313,312.5,315.5,316,316.5,317,317.5
1685496530154285248,314.5,314,313.5,313,312.5,315.5,316,316.5,317,317.5
1685496530154285248,314.5,314,313.5,313,312.5,315.5,316,316.5,317,317.5
1685496539446018551,314.5,314,313.5,313,312.5,315.5,316,316.5,317,317.5
1685496539511584195,314.5,314,313.5,313,312.5,315.5,316,316.5,317,317.5
1685496539544287228,315,314.5,314,313.5,313,315.5,316,316.5,317,317.5
1685496539579067189,315,314.5,314,313.5,313,315.5,316,316.5,317,317.5
1685496541280326916,315,314.5,314,313.5,313,315.5,316,316.5,317,317.5
1685496541988820444,315,314.5,314,313.5,313,316,316.5,317,317.5,318
1685496541988820444,315,314.5,314,313.5,313,316,316.5,317,317.5,318
1685496541988845511,315.5,315,314.5,314,313.5,316,316.5,317,317.5,318
1685496542021747356,315,314.5,314,313.5,313,316,316.5,317,317.5,318
1685496542021747356,315,314.5,314,313.5,313,316,316.5,317,317.5,318
1685496550689904713,315,314.5,314,313.5,313,316,316.5,317,317.5,318
1685496554904608932,315,314.5,314,313.5,313,315.5,316,316.5,317,317.5
1685496565848150768,315,314.5,314,313.5,313,315.5,316,316.5,317,317.5
1685496568166373287,315,314.5,314,313.5,313,315.5,316,316.5,317,317.5
1685496574684552348,315,314.5,314,313.5,313,315.5,316,316.5,317,317.5
1685496574696673235,315,314.5,314,313.5,313,315.5,316,316.5,317,317.5
1685496574719408833,315,314.5,314,313.5,313,315.5,316,316.5,317,317.5
1685496574719408833,314.5,314,313.5,313,312.5,315.5,316,316.5,317,317.5
1685496574719469307,314.5,314,313.5,313,312.5,315.5,316,316.5,317,317.5
1685496574753986425,314.5,314,313.5,313,312.5,315.5,316,316.5,317,317.5
1685496574764248583,314.5,314,313.5,313,312.5,315.5,316,316.5,317,317.5
1685496577333562765,314.5,314,313.5,313,312.5,315.5,316,316.5,317,317.5
1685496582330840214,314.5,314,313.5,313,312.5,315.5,316,316.5,317,317.5
1685496592182622957,314.5,314,313.5,313,312.5,315.5,316,316.5,317,317.5
1685496592203051743,314.5,314,313.5,313,312.5,315.5,316,316.5,317,317.5
1685496592203051743,314.5,314,313.5,313,312.5,315.5,316,316.5,317,317.5
1685496592213387349,314.5,314,313.5,313,312.5,315.5,316,316.5,317,317.5
1685496592213387349,314.5,314,313.5,313,312.5,315.5,316,316.5,317,317.5
1685496592213387349,314.5,314,313.5,313,312.5,315.5,316,316.5,317,317.5
1685496598280649432,314.5,314,313.5,313,312.5,315.5,316,316.5,317,317.5
1685496598315451456,314.5,314,313.5,313,312.5,315.5,316,316.5,317,317.5
1685496599079316738,314.5,314,313.5,313,312.5,315.5,316,316.5,317,317.5
1685496600204863203,314.5,314,313.5,313,312.5,315.5,316,316.5,317,317.5
1685496600860558378,314.5,314,313.5,313,312.5,315.5,316,316.5,317,317.5
1685496602148325133,314.5,314,313.5,313,312.5,315.5,316,316.5,317,317.5
1685496602708555366,314.5,314,313.5,313,312.5,315.5,316,316.5,317,317.5
1685496602939176314,314.5,314,313.5,313,312.5,315.5,316,316.5,317,317.5
1685496606174707818,314.5,314,313.5,313,312.5,315.5,316,316.5,317,317.5
1685496611509759003,314.5,314,313.5,313,312.5,315.5,316,316.5,317,317.5
1685496611509759003,314.5,314,313.5,313,312.5,315.5,316,316.5,317,317.5
1685496611544570745,314.5,314,313.5,313,312.5,315.5,316,316.5,317,317.5
1685496611544570745,314.5,314,313.5,313,312.5,315.5,316,316.5,317,317.5
1685496615406373680,314.5,314,313.5,313,312.5,315.5,316,316.5,317,317.5
1685496618422222194,314.5,314,313.5,313,312.5,315,315.5,316,316.5,317
1685496618479468368,314.5,314,313.5,313,312.5,315,315.5,316,316.5,317
1685496619846316886,314.5,314,313.5,313,312.5,315,315.5,316,316.5,317
1685496626999992741,314.5,314,313.5,313,312.5,315,315.5,316,316.5,317
1685496630959872654,314.5,314,313.5,313,312.5,315,315.5,316,316.5,317
1685496634485574055,314.5,314,313.5,313,312.5,315,315.5,316,316.5,317
1685496641299384180,314.5,314,313.5,313,312.5,315,315.5,316,316.5,317
1685496641748180167,314.5,314,313.5,313,312.5,315,315.5,316,316.5,317
1685496641780618572,314.5,314,313.5,313,312.5,315,315.5,316,316.5,317
1685496641823647162,314.5,314,313.5,313,312.5,315,315.5,316,316.5,317
1685496668778686306,314.5,314,313.5,313,312.5,315,315.5,316,316.5,317
1685496670522538316,314.5,314,313.5,313,312.5,315,315.5,316,316.5,317
1685496674604192421,314.5,314,313.5,313,312.5,315,315.5,316,316.5,317
1685496677225668013,314.5,314,313.5,313,312.5,315,315.5,316,316.5,317
1685496677258428073,314,313.5,313,312.5,312,315,315.5,316,316.5,317
1685496677303514476,314,313.5,313,312.5,312,315,315.5,316,316.5,317
1685496677369037130,314.5,314,313.5,313,312.5,315,315.5,316,316.5,317
1685496677399729426,314,313.5,313,312.5,312,315,315.5,316,316.5,317
1685496679066926882,314,313.5,313,312.5,312,315,315.5,316,316.5,317
1685496705601169022,314,313.5,313,312.5,312,314.5,315,315.5,316,316.5
1685496708161173810,314,313.5,313,312.5,312,314.5,315,315.5,316,316.5
1685496711533211259,314,313.5,313,312.5,312,314.5,315,315.5,316,316.5
1685496722811597181,314,313.5,313,312.5,312,314.5,315,315.5,316,316.5
1685496729448566221,314,313.5,313,312.5,312,314.5,315,315.5,316,316.5
1685496729470764099,314,313.5,313,312.5,312,314.5,315,315.5,316,316.5
1685496729493344456,314,313.5,313,312.5,312,314.5,315,315.5,316,316.5
1685496729515799687,314,313.5,313,312.5,312,314.5,315,315.5,316,316.5
1685496729538364925,314,313.5,313,312.5,312,314.5,315,315.5,316,316.5
1685496732301307023,314,313.5,313,312.5,312,314.5,315,315.5,316,316.5
1685496733779835480,314,313.5,313,312.5,312,314.5,315,315.5,316,316.5
1685496743595936507,314,313.5,313,312.5,312,314.5,315,315.5,316,316.5
1685496748107794244,314,313.5,313,312.5,312,314.5,315,315.5,316,316.5
1685496748513354774,314,313.5,313,312.5,312,314.5,315,315.5,316,316.5
1685496750274897832,314,313.5,313,312.5,312,314.5,315,315.5,316,316.5
1685496780545395695,314,313.5,313,312.5,312,314.5,315,315.5,316,316.5
1685496780578274518,314,313.5,313,312.5,312,314.5,315,315.5,316,316.5
1685496783697575879,314,313.5,313,312.5,312,314.5,315,315.5,316,316.5
1685496784231877640,314,313.5,313,312.5,312,314.5,315,315.5,316,316.5
1685496787715636157,314,313.5,313,312.5,312,314.5,315,315.5,316,316.5
1685496787790385655,314,313.5,313,312.5,312,314.5,315,315.5,316,316.5
1685496797715958309,314,313.5,313,312.5,312,314.5,315,315.5,316,316.5
1685496803280646959,314,313.5,313,312.5,312,314.5,315,315.5,316,316.5
1685496806820423465,314,313.5,313,312.5,312,314.5,315,315.5,316,316.5
1685496811779151899,314,313.5,313,312.5,312,314.5,315,315.5,316,316.5
1685496820218878479,314,313.5,313,312.5,312,314.5,315,315.5,316,316.5
1685496825538390392,314,313.5,313,312.5,312,314.5,315,315.5,316,316.5
1685496841491643987,314,313.5,313,312.5,312,314.5,315,315.5,316,316.5
1685496856496380191,314,313.5,313,312.5,312,314.5,315,315.5,316,316.5
1685496860896909658,314,313.5,313,312.5,312,314.5,315,315.5,316,316.5
1685496860949775037,314,313.5,313,312.5,312,315,315.5,316,316.5,317
1685496860990658168,314,313.5,313,312.5,312,315,315.5,316,316.5,317
1685496860990731746,314,313.5,313,312.5,312,315,315.5,316,316.5,317
1685496861003395273,314,313.5,313,312.5,312,315,315.5,316,316.5,317
1685496861478551334,314,313.5,313,312.5,312,315,315.5,316,316.5,317
1685496861569309870,314,313.5,313,312.5,312,315,315.5,316,316.5,317
1685496862745673512,314,313.5,313,312.5,312,315,315.5,316,316.5,317
1685496863824159701,314,313.5,313,312.5,312,315,315.5,316,316.5,317
1685496864454983851,314,313.5,313,312.5,312,314.5,315,315.5,316,316.5
1685496872496476773,314,313.5,313,312.5,312,314.5,315,315.5,316,316.5
1685496876761403276,314,313.5,313,312.5,312,314.5,315,315.5,316,316.5
1685496886890002870,314,313.5,313,312.5,312,314.5,315,315.5,316,316.5
1685496888184327062,314,313.5,313,312.5,312,314.5,315,315.5,316,316.5
1685496902549175757,314,313.5,313,312.5,312,314.5,315,315.5,316,316.5
1685496902581918073,314,313.5,313,312.5,312,314.5,315,315.5,316,316.5
1685496903260841394,314,313.5,313,312.5,312,314.5,315,315.5,316,316.5
1685496904242799124,314,313.5,313,312.5,312,314.5,315,315.5,316,316.5
1685496904275575835,314,313.5,313,312.5,312,314.5,315,315.5,316,316.5
1685496904275683657,314,313.5,313,312.5,312,314.5,315,315.5,316,316.5
1685496907303833760,314,313.5,313,312.5,312,314.5,315,315.5,316,316.5
1685496907336437496,314,313.5,313,312.5,312,314.5,315,315.5,316,316.5
1685496910953109222,314,313.5,313,312.5,312,314.5,315,315.5,316,316.5
1685496910984115799,314,313.5,313,312.5,312,314.5,315,315.5,316,316.5
1685496929008266508,314,313.5,313,312.5,312,314.5,315,315.5,316,316.5
1685496932883390570,314,313.5,313,312.5,312,315,315.5,316,316.5,317
1685496932934538113,314,313.5,313,312.5,312,315,315.5,316,316.5,317
1685496934140786527,314,313.5,313,312.5,312,315,315.5,316,316.5,317
1685496935219234085,314,313.5,313,312.5,312,315,315.5,316,316.5,317
1685496935337946166,314,313.5,313,312.5,312,315,315.5,316,316.5,317
1685496935638998785,314,313.5,313,312.5,312,315,315.5,316,316.5,317
1685496935651139450,314,313.5,313,312.5,312,315,315.5,316,316.5,317
1685496935671859533,314,313.5,313,312.5,312,315,315.5,316,316.5,317
1685496935681996015,314,313.5,313,312.5,312,315,315.5,316,316.5,317
1685496935702545238,314,313.5,313,312.5,312,315,315.5,316,316.5,317
1685496935712857019,314,313.5,313,312.5,312,315,315.5,316,316.5,317
1685496935820914085,314,313.5,313,312.5,312,315,315.5,316,316.5,317
1685496938564504496,314,313.5,313,312.5,312,315,315.5,316,316.5,317
1685496947006488557,314,313.5,313,312.5,312,315,315.5,316,316.5,317
1685496947037133516,314,313.5,313,312.5,312,315,315.5,316,316.5,317
1685496951676031502,314,313.5,313,312.5,312,315,315.5,316,316.5,317
1685496961641785671,314,313.5,313,312.5,312,315,315.5,316,316.5,317
