Timestamp,BidPrice0,BidPrice1,BidPrice2,BidPrice3,BidPrice4,AskPrice0,AskPrice1,AskPrice2,AskPrice3,AskPrice4
1683585015933677740,0,0,0,0,0,0,0,0,0,0
1683592215996678355,329.5,325,324,319,304.5,331.5,340,341,342,345
1683592221010287366,329.5,325,324,321.5,319,331.5,335,336.5,339.5,340
1683592226028235725,330,329.5,325,324,321.5,331.5,335,336.5,339,339.5
1683592231042742413,330,329.5,326,325,324,331.5,335,336,336.5,339
1683592236056348280,330,329.5,326,325,324,331.5,335,336,336.5,339
1683592246089436590,330,329.5,326,325,324,331.5,335,336,336.5,339
1683592261134255783,331,330,329.5,326,325,331.5,335,336,336.5,337.5
1683592266139502129,331,330,329.5,326,325,331.5,335,336,336.5,337.5
1683592271153180407,331,330,329.5,328,326,331.5,335,336,336.5,337.5
1683592276185197586,331,330,329.5,328,326,331.5,335,336,336.5,337.5
1683592291219641060,331,330,329.5,328,327,331.5,332,335,336,336.5
1683592296233175812,331,330,329.5,328,327,331.5,332,335,336,336.5
1683592301256990425,331,330,329.5,328,327,331.5,332,335,336,336.5
1683592306266433165,331,330,329.5,329,328,331.5,332,335,336,336.5
1683592311284160500,331,330,329.5,329,328,331.5,332,335,336,336.5
1683592316299673809,331,330,329.5,329,328,331.5,332,335,336,336.5
1683592326326770380,331,330,329.5,329,328,331.5,332,335,336,336.5
1683592331354666760,331,330,329.5,329,328,331.5,332,335,336,336.5
1683592336370178137,331,330,329.5,329,328,332,335,336,336.5,337.5
1683592351408861695,331,330,329.5,329,328,332,333.5,335,336,336.5
1683592361448348849,331.5,331,330,329.5,329,333.5,335,336,336.5,337.5
1683592381506626485,331.5,331,330,329.5,329,333.5,335,336,336.5,337.5
1683592396559516663,331.5,331,330,329.5,329,333.5,335,336,336.5,337.5
1683592401581442702,331.5,331,330,329.5,329,333.5,335,336,336.5,337.5
1683592431673770962,331.5,331,330,329.5,329,333.5,335,336,336.5,337.5
1683592436677108677,332,331.5,331,330,329.5,333.5,335,336,336.5,337.5
1683592466801496425,332,331.5,331,330,329.5,333.5,335,336,336.5,337.5
1683592511933962362,332,331.5,331,330,329.5,333.5,335,336,336.5,337.5
1683592572127327448,332,331.5,331,330,329.5,333.5,335,336,336.5,337.5
1683592687488234458,332,331.5,331,330,329.5,333.5,335,336,336.5,337.5
1683592692522217971,332,331.5,331,330,329.5,333.5,335,336,336.5,337.5
1683592722599429590,332,331.5,331,330,329.5,333.5,335,336,336.5,337.5
1683592757711827499,332,331.5,331,330,329.5,333.5,335,336,336.5,337.5
1683592788208988170,334.5,334,332,331.5,331,335,336,336.5,337.5,338
1683592793429232690,334.5,334,332,331.5,331,336,336.5,337.5,338,338.5
1683592798651748405,334.5,334,332,331.5,331,336,336.5,337.5,338,338.5
1683592803665419094,334.5,334,332,331.5,331,336,336.5,337.5,338,338.5
1683592808683018258,332,331.5,331,330,329.5,333.5,335,336,336.5,337.5
1683592813700670964,334.5,334,332,331.5,331,336,336.5,337.5,338,338.5
1683592823731945780,332,331.5,331,330,329.5,335,336,336.5,337.5,338
1683592863862912070,332,331.5,331,330,329.5,335,336,336.5,337.5,338
1683592878903487078,332,331.5,331,330,329.5,335,336,336.5,337.5,338
1683592883935435211,333,332,331.5,331,330,335,336,336.5,337.5,338
1683592903983570613,333,332,331.5,331,330,335,336,336.5,337.5,338
1683592924058237998,333,332,331.5,331,330,335,336,336.5,337.5,338
1683592929073935987,333,332,331.5,331,330,333.5,335,336,336.5,337.5
1683592964195705364,333,332,331.5,331,330,333.5,335,336,336.5,337.5
1683593034407867218,332,331.5,331,330,329.5,333.5,335,336,336.5,337.5
1683593039431462496,332,331.5,331,330,329.5,333.5,335,336,336.5,337.5
1683593044439051724,333,332,331.5,331,330,333.5,335,336,336.5,337.5
1683593049466964672,333,332,331.5,331,330,333.5,335,335.5,336,336.5
1683593074536750132,333,332,331.5,331,330,333.5,335,335.5,336,336.5
1683593104638631975,332,331.5,331,330,329.5,333.5,335,335.5,336,336.5
1683593109646007767,333,332,331.5,331,330,333.5,335,335.5,336,336.5
1683593164819796161,333,332,331.5,331,330,333.5,334.5,335,335.5,336
1683593169831175173,333,332,331.5,331,330,333.5,334.5,335,335.5,336
1683593184886289455,332,331.5,331,330,329.5,333.5,334.5,335,335.5,336
1683593209966504487,332,331.5,331,330,329.5,333.5,334.5,335,335.5,336
1683593225019385744,332,331.5,331,330,329.5,333.5,334.5,335,335.5,336
1683593280205447745,332,331.5,331,330,329.5,333.5,334.5,335,335.5,336
1683593305279298724,332,331.5,331,330,329.5,333.5,334.5,335,335.5,336
1683593310294899441,332,331.5,331,330,329.5,333.5,334.5,335,335.5,336
1683593345418309662,332,331.5,331,330,329.5,333.5,334.5,335,335.5,336
1683593360448992763,333,332,331.5,331,330,333.5,334.5,335,335.5,336
1683593385731723217,333,332,331.5,331,330,333.5,334.5,335,335.5,336
1683593390958316016,333,332,331.5,331,330,333.5,334.5,335,335.5,336
1683593401380656993,333,332,331.5,331,330,333.5,334.5,335,335.5,336
1683593426452485859,333,332,331.5,331,330,333.5,334.5,335,335.5,336
1683593461569893415,333,332,331.5,331,330,333.5,334.5,335,335.5,336
1683593471603301798,333,332,331.5,331,330,333.5,334.5,335,335.5,336
1683593531796669432,333,332,331.5,331,330,333.5,334.5,335,335.5,336
1683593541836083027,333,332,331.5,331,330,333.5,334.5,335,335.5,336
1683593551869343662,333,332,331.5,331,330,333.5,334.5,335,335.5,336
1683593566905925682,333,332,331.5,331,330,333.5,334.5,335,335.5,336
1683593576932937156,333,332,331.5,331,330,333.5,334.5,335,335.5,336
1683593581960918933,333,332,331.5,331,330,333.5,334.5,335,335.5,336
1683593602011132863,333,332.5,332,331.5,331,333.5,334.5,335,335.5,336
1683593612044253160,334,333,332.5,332,331.5,334.5,335,335.5,336,336.5
1683593617064061583,334,333,332.5,332,331.5,334.5,335,335.5,336,336.5
1683593642144139314,333,332.5,332,331.5,331,334.5,335,335.5,336,336.5
1683593647163905799,334,333,332.5,332,331.5,334.5,335,335.5,336,336.5
1683593652171345150,334,333,332.5,332,331.5,334.5,335,335.5,336,336.5
1683593657195080438,334,333,332.5,332,331.5,334.5,335,335.5,336,336.5
1683593662204504816,334,333,332.5,332,331.5,335,335.5,336,336.5,337
1683593672241972201,334.5,334,333,332.5,332,335,335.5,336,336.5,337
1683593687288766164,334.5,334,333,332.5,332,335,335.5,336,336.5,337
1683593697322001676,334.5,334,333,332.5,332,335,335.5,336,336.5,337
1683593702327350224,334.5,334,333,332.5,332,335,335.5,336,336.5,337
1683593707359350963,334.5,334,333,332.5,332,335,335.5,336,336.5,337
1683593712379074481,334.5,334,333,332.5,332,335,335.5,336,336.5,337
1683593717374228699,334.5,334,333,332.5,332,335,335.5,336,336.5,337
1683593727415652478,334.5,334,333,332.5,332,335,335.5,336,336.5,337
1683593767544540978,334.5,334,333,332.5,332,335,335.5,336,336.5,337
1683593777573760318,334.5,334,333,332.5,332,335,335.5,336,336.5,337
1683593792610123071,334.5,334,333,332.5,332,335,335.5,336,336.5,337
1683593797636040533,334.5,334,333,332.5,332,335,335.5,336,336.5,337
1683593827731828869,334.5,334,333,332.5,332,335,335.5,336,336.5,337
1683593837764974216,334.5,334,333,332.5,332,335,335.5,336,336.5,337
1683593857821364895,334.5,334,333,332.5,332,335,335.5,336,336.5,337
1683593862853397321,334.5,334,333,332.5,332,335.5,336,336.5,337,337.5
1683593877889935275,334.5,334,333,332.5,332,335.5,336,336.5,337,337.5
1683593887923260305,334.5,334,333.5,333,332.5,335.5,336,336.5,337,337.5
1683593892949022931,334.5,334,333.5,333,332.5,336,336.5,337,337.5,338
1683593902978180066,334.5,334,333.5,333,332.5,336,336.5,337,337.5,338
1683593923050904815,334.5,334,333.5,333,332.5,336,336.5,337,337.5,338
1683593928052229118,334.5,334,333.5,333,332.5,336,336.5,337,337.5,338
1683593933076038960,335.5,334.5,334,333.5,333,336,336.5,337,337.5,338
1683593948112715014,335,334.5,334,333.5,333,336,336.5,337,337.5,338
1683593953154737602,335,334.5,334,333.5,333,335.5,336,336.5,337,337.5
1683593958152009768,335,334.5,334,333.5,333,335.5,336,336.5,337,337.5
1683593963175706398,335,334.5,334,333.5,333,336,336.5,337,337.5,338
1683593968197478986,335.5,335,334.5,334,333.5,336,336.5,337,337.5,338
1683593973204911981,335.5,335,334.5,334,333.5,336,336.5,337,337.5,338
1683593988650097772,335.5,335,334.5,334,333.5,336,336.5,337,337.5,338
1683593993876673080,334.5,334,333.5,333,332.5,335.5,336,336.5,337,337.5
1683593999092959390,334.5,334,333.5,333,332.5,335.5,336,336.5,337,337.5
1683594015956272220,335,334.5,334,333.5,333,335.5,336,336.5,337,337.5
1683594016055801602,335,334.5,334,333.5,333,335.5,336,336.5,337,337.5
1683594018018120310,335,334.5,334,333.5,333,335.5,336,336.5,337,337.5
1683594018627201635,335,334.5,334,333.5,333,335.5,336,336.5,337,337.5
1683594020290314066,335,334.5,334,333.5,333,335.5,336,336.5,337,337.5
1683594020387932410,335,334.5,334,333.5,333,335.5,336,336.5,337,337.5
1683594020418381871,335,334.5,334,333.5,333,336,336.5,337,337.5,338
1683594021047762980,335.5,335,334.5,334,333.5,336,336.5,337,337.5,338
1683594021047762980,335.5,335,334.5,334,333.5,336,336.5,337,337.5,338
1683594021056266296,335.5,335,334.5,334,333.5,336,336.5,337,337.5,338
1683594021066163509,335.5,335,334.5,334,333.5,336,336.5,337,337.5,338
1683594021066273315,335.5,335,334.5,334,333.5,336,336.5,337,337.5,338
1683594021076808495,335.5,335,334.5,334,333.5,336,336.5,337,337.5,338
1683594021127840861,335.5,335,334.5,334,333.5,336,336.5,337,337.5,338
1683594021149239248,335,334.5,334,333.5,333,336,336.5,337,337.5,338
1683594021403348132,335,334.5,334,333.5,333,336,336.5,337,337.5,338
1683594021434832045,335,334.5,334,333.5,333,336,336.5,337,337.5,338
1683594021509236213,335,334.5,334,333.5,333,336,336.5,337,337.5,338
1683594022309535953,335.5,335,334.5,334,333.5,336,336.5,337,337.5,338
1683594022352410232,335.5,335,334.5,334,333.5,336,336.5,337,337.5,338
1683594023071387714,335.5,335,334.5,334,333.5,336,336.5,337,337.5,338
1683594023415023530,335.5,335,334.5,334,333.5,336,336.5,337,337.5,338
1683594023424371351,335.5,335,334.5,334,333.5,336.5,337,337.5,338,338.5
1683594023424371351,335.5,335,334.5,334,333.5,336.5,337,337.5,338,338.5
1683594023424371351,335.5,335,334.5,334,333.5,336.5,337,337.5,338,338.5
1683594023437744189,335.5,335,334.5,334,333.5,336.5,337,337.5,338,338.5
1683594023438502744,335.5,335,334.5,334,333.5,337,337.5,338,338.5,339
1683594023455363931,336.5,335.5,335,334.5,334,337,337.5,338,338.5,339
1683594023455363931,336.5,335.5,335,334.5,334,337.5,338,338.5,339,339.5
1683594023465770480,336.5,335.5,335,334.5,334,337.5,338,338.5,339,339.5
1683594023475792066,336.5,335.5,335,334.5,334,337.5,338,338.5,339,339.5
1683594023486829961,336.5,335.5,335,334.5,334,337.5,338,338.5,339,339.5
1683594023487737104,336.5,335.5,335,334.5,334,337.5,338,338.5,339,339.5
1683594023487737104,336.5,335.5,335,334.5,334,337.5,338,338.5,339,339.5
1683594023601211168,336.5,336,335.5,335,334.5,337.5,338,338.5,339,339.5
1683594023601211168,336.5,336,335.5,335,334.5,337.5,338,338.5,339,339.5
1683594023601211168,336.5,336,335.5,335,334.5,337.5,338,338.5,339,339.5
1683594023621164381,336.5,336,335.5,335,334.5,337.5,338,338.5,339,339.5
1683594024505252298,336.5,336,335.5,335,334.5,337.5,338,338.5,339,339.5
1683594024534911234,336.5,336,335.5,335,334.5,338,338.5,339,339.5,340
1683594025507472595,336.5,336,335.5,335,334.5,338,338.5,339,339.5,340
1683594027057275180,336.5,336,335.5,335,334.5,337.5,338,338.5,339,339.5
1683594027089431445,336.5,336,335.5,335,334.5,337.5,338,338.5,339,339.5
1683594028344399360,337,336.5,336,335.5,335,337.5,338,338.5,339,339.5
1683594028354242041,337,336.5,336,335,334.5,337.5,338,338.5,339,339.5
1683594028364464674,337,336.5,336,335,334.5,337.5,338,338.5,339,339.5
1683594028364464674,337.5,337,336.5,336,335,338,338.5,339,339.5,340
1683594028374489497,337.5,337,336.5,336,335,338,338.5,339,339.5,340
1683594028387099062,337.5,337,336.5,336,335,338,338.5,339,339.5,340
1683594028546956764,337.5,337,336.5,336,335,338,338.5,339,339.5,340
1683594028645165056,337.5,337,336.5,336,335,338,338.5,339,339.5,340
1683594028948028810,337.5,337,336.5,336,335,338,338.5,339,339.5,340
1683594028948028810,337.5,337,336.5,336,335,338,338.5,339,339.5,340
1683594028981454048,337.5,337,336.5,336,335,338,338.5,339,339.5,340
1683594030284625929,337.5,337,336.5,336,335,338,338.5,339,339.5,340
1683594031201575736,337.5,337,336.5,336,335,338.5,339,339.5,340,340.5
1683594031727259287,338,337.5,337,336.5,336,338.5,339,339.5,340,340.5
1683594031758206723,338,337.5,337,336.5,336,338.5,339,339.5,340,340.5
1683594032108130415,338,337.5,337,336.5,336,338.5,339,339.5,340,340.5
1683594032236647994,338,337.5,337,336.5,336,338.5,339,339.5,340,340.5
1683594032558816094,338,337.5,337,336.5,336,338.5,339,339.5,340,340.5
1683594032695890589,338,337.5,337,336.5,336,338.5,339,339.5,340,340.5
1683594032854610245,337.5,337,336.5,336,335.5,338.5,339,339.5,340,340.5
1683594032888222594,337.5,337,336.5,336,335.5,338.5,339,339.5,340,340.5
1683594032898695798,337.5,337,336.5,336,335,338.5,339,339.5,340,340.5
1683594032921186696,337.5,337,336.5,336,335,338.5,339,339.5,340,340.5
1683594032943665902,337.5,337,336.5,336,335,338.5,339,339.5,340,340.5
1683594033097287545,338,337.5,337,336.5,336,338.5,339,339.5,340,340.5
1683594033139172106,338,337.5,337,336.5,336,338.5,339,339.5,340,340.5
1683594033140082305,337.5,337,336.5,336,335,338.5,339,339.5,340,340.5
1683594033173392467,337.5,337,336.5,336,335,338.5,339,339.5,340,340.5
1683594033204026694,337.5,337,336.5,336,335.5,338.5,339,339.5,340,340.5
1683594033204026694,337.5,337,336.5,336,335.5,338.5,339,339.5,340,340.5
1683594033204081447,337.5,337,336.5,336,335.5,338.5,339,339.5,340,340.5
1683594033214022292,337.5,337,336.5,336,335,338.5,339,339.5,340,340.5
1683594033642579132,337.5,337,336.5,336,335,338,338.5,339,339.5,340
1683594033683118217,337.5,337,336.5,336,335,338,338.5,339,339.5,340
1683594033683448367,337.5,337,336.5,336,335,338,338.5,339,339.5,340
1683594034246505740,337.5,337,336.5,336,335,338.5,339,339.5,340,340.5
1683594034460307495,337.5,337,336.5,336,335,338.5,339,339.5,340,340.5
1683594034611985930,337.5,337,336.5,336,335,338.5,339,339.5,340,340.5
1683594035277624075,337.5,337,336.5,336,335,338.5,339,339.5,340,340.5
1683594035372140885,338,337.5,337,336.5,336,338.5,339,339.5,340,340.5
1683594035412693936,338,337.5,337,336.5,336,338.5,339,339.5,340,340.5
1683594035412720065,337.5,337,336.5,336,335,338.5,339,339.5,340,340.5
1683594035509697145,337.5,337,336.5,336,335,338.5,339,339.5,340,340.5
1683594035531306077,337.5,337,336.5,336,335,338,338.5,339,339.5,340
1683594035626727396,337.5,337,336.5,336,335,338,338.5,339,339.5,340
1683594035800812341,337.5,337,336.5,336,335,338,338.5,339,339.5,340
1683594035833742069,337.5,337,336.5,336,335,338.5,339,339.5,340,340.5
1683594035872586351,338,337.5,337,336.5,336,338.5,339,339.5,340,340.5
1683594035904152087,338,337.5,337,336.5,336,338.5,339,339.5,340,340.5
1683594036535037081,337.5,337,336.5,336,335,338.5,339,339.5,340,340.5
1683594036592072148,337.5,337,336.5,336,335.5,338.5,339,339.5,340,340.5
1683594036602580988,337.5,337,336.5,336,335,338.5,339,339.5,340,340.5
1683594036637446591,337.5,337,336.5,336,335,338.5,339,339.5,340,340.5
1683594036677542934,338,337.5,337,336.5,336,338.5,339,339.5,340,340.5
1683594036710302221,338,337.5,337,336.5,336,338.5,339,339.5,340,340.5
1683594036869764391,337.5,337,336.5,336,335,338.5,339,339.5,340,340.5
1683594036870076036,337.5,337,336.5,336,335,338.5,339,339.5,340,340.5
1683594037088795294,337.5,337,336.5,336,335,338,338.5,339,339.5,340
1683594037180109622,337.5,337,336.5,336,335,338.5,339,339.5,340,340.5
1683594037646161722,337.5,337,336.5,336,335,338.5,339,339.5,340,340.5
1683594038088361087,338,337.5,337,336.5,336,338.5,339,339.5,340,340.5
1683594038108889240,338,337.5,337,336.5,336,338.5,339,339.5,340,340.5
1683594038339345545,338,337.5,337,336.5,336,338.5,339,339.5,340,340.5
1683594038473337072,338,337.5,337,336.5,336,338.5,339,339.5,340,340.5
1683594038493799762,337.5,337,336.5,336,335,338.5,339,339.5,340,340.5
1683594038797595316,337.5,337,336.5,336,335,338.5,339,339.5,340,340.5
1683594038831772416,337.5,337,336.5,336,335,338.5,339,339.5,340,340.5
1683594039657105958,337.5,337,336.5,336,335,338,338.5,339,339.5,340
1683594040311553721,337.5,337,336.5,336,335,338,338.5,339,339.5,340
1683594040333739456,337.5,337,336.5,336,335,338,338.5,339,339.5,340
1683594040520514047,337.5,337,336.5,336,335,338,338.5,339,339.5,340
1683594040796919955,337.5,337,336.5,336,335,338,338.5,339,339.5,340
1683594040832998805,337.5,337,336.5,336,335,338,338.5,339,339.5,340
1683594040842349081,337.5,337,336.5,336,335,338,338.5,339,339.5,340
1683594040948395850,337.5,337,336.5,336,335,338,338.5,339,339.5,340
1683594040948623117,337.5,337,336.5,336,335,338,338.5,339,339.5,340
1683594041600423319,337.5,337,336.5,336,335,338,338.5,339,339.5,340
1683594042149271775,337.5,337,336.5,336,335,338,338.5,339,339.5,340
1683594042216621628,337.5,337,336.5,336,335,338,338.5,339,339.5,340
1683594043119499103,337.5,337,336.5,336,335,338,338.5,339,339.5,340
1683594043141916794,337.5,337,336.5,336,335,338,338.5,339,339.5,340
1683594043220175910,337.5,337,336.5,336,335,338.5,339,339.5,340,340.5
1683594043252443103,337.5,337,336.5,336,335,338.5,339,339.5,340,340.5
1683594043286306774,337.5,337,336.5,336,335.5,338.5,339,339.5,340,340.5
1683594043321230506,338,337.5,337,336.5,336,338.5,339,339.5,340,340.5
1683594043354138753,338,337.5,337,336.5,336,338.5,339,339.5,340,340.5
1683594043364833883,337.5,337,336.5,336,335.5,338.5,339,339.5,340,340.5
1683594043448123214,337.5,337,336.5,336,335.5,338,338.5,339,339.5,340
1683594043481118434,337.5,337,336.5,336,335,338,338.5,339,339.5,340
1683594043513754210,337.5,337,336.5,336,335,338,338.5,339,339.5,340
1683594043536104083,337.5,337,336.5,336,335,338.5,339,339.5,340,340.5
1683594043573601287,337.5,337,336.5,336,335,338.5,339,339.5,340,340.5
1683594043596005802,338,337.5,337,336.5,336,338.5,339,339.5,340,340.5
1683594043626788569,338,337.5,337,336.5,336,338.5,339,339.5,340,340.5
1683594043626788569,337.5,337,336.5,336,335.5,338.5,339,339.5,340,340.5
1683594043626788569,337,336.5,336,335.5,335,338.5,339,339.5,340,340.5
1683594043669168920,337.5,337,336.5,336,335.5,338.5,339,339.5,340,340.5
1683594043700164096,337.5,337,336.5,336,335.5,338.5,339,339.5,340,340.5
1683594043721345936,337.5,337,336.5,336,335.5,338.5,339,339.5,340,340.5
1683594043753101609,337,336.5,336,335.5,335,338.5,339,339.5,340,340.5
1683594043786894667,337,336.5,336,335.5,335,338.5,339,339.5,340,340.5
1683594043787001688,337,336.5,336,335.5,335,338.5,339,339.5,340,340.5
1683594043819700152,337,336.5,336,335.5,335,338.5,339,339.5,340,340.5
1683594044098400999,337,336.5,336,335.5,335,338.5,339,339.5,340,340.5
1683594045115555526,337,336.5,336,335.5,335,338.5,339,339.5,340,340.5
1683594045147540650,337,336.5,336,335.5,335,338.5,339,339.5,340,340.5
1683594045284228469,337,336.5,336,335.5,335,338.5,339,339.5,340,340.5
1683594045361971045,337,336.5,336,335.5,335,338,338.5,339,339.5,340
1683594045394739079,337,336.5,336,335,334.5,338,338.5,339,339.5,340
1683594045394800565,337,336.5,336,335,334.5,338,338.5,339,339.5,340
1683594045394800565,337,336.5,336,335,334.5,338,338.5,339,339.5,340
1683594045429690613,337,336.5,336,335,334.5,338,338.5,339,339.5,340
1683594045429690613,336.5,336,335,334.5,334,338,338.5,339,339.5,340
1683594045473569688,336.5,336,335,334.5,334,338,338.5,339,339.5,340
1683594045473569688,336.5,336,335,334.5,334,338,338.5,339,339.5,340
1683594045473677681,336.5,336,335,334.5,334,338,338.5,339,339.5,340
1683594045504511393,336.5,336,335,334.5,334,338,338.5,339,339.5,340
1683594045504511393,336.5,336,335,334.5,334,338,338.5,339,339.5,340
1683594045536015584,336,335,334.5,334,333.5,338,338.5,339,339.5,340
1683594045568812462,336,335,334.5,334,333.5,338,338.5,339,339.5,340
1683594045568812462,336,335,334.5,334,333.5,337.5,338,338.5,339,339.5
1683594045599569220,336,335,334.5,334,333.5,337.5,338,338.5,339,339.5
1683594045599569220,336,335,334.5,334,333.5,337.5,338,338.5,339,339.5
1683594045599569220,336,335,334.5,334,333.5,337.5,338,338.5,339,339.5
1683594045630525803,336,335,334.5,334,333.5,337.5,338,338.5,339,339.5
1683594045837051046,336,335,334.5,334,333.5,337.5,338,338.5,339,339.5
1683594045925235066,336,335,334.5,334,333.5,337.5,338,338.5,339,339.5
1683594046527291443,337,336,335,334.5,334,337.5,338,338.5,339,339.5
1683594046558664738,336,335,334.5,334,333.5,337,337.5,338,338.5,339
1683594046558664738,336,335,334.5,334,333.5,337,337.5,338,338.5,339
1683594046558664738,336,335,334.5,334,333.5,337,337.5,338,338.5,339
1683594046558664738,335,334.5,334,333.5,333,337,337.5,338,338.5,339
1683594046590506903,335,334.5,334,333.5,333,337,337.5,338,338.5,339
1683594046590506903,335,334.5,334,333.5,333,337,337.5,338,338.5,339
1683594046590506903,335,334.5,334,333.5,333,336.5,337,337.5,338,338.5
1683594046619382258,335,334.5,334,333.5,333,336.5,337,337.5,338,338.5
1683594046619382258,335,334.5,334,333.5,333,336.5,337,337.5,338,338.5
1683594046619382258,335,334.5,334,333.5,333,336.5,337,337.5,338,338.5
1683594046652155091,335,334.5,334,333.5,333,336.5,337,337.5,338,338.5
1683594046931776888,335,334.5,334,333.5,333,336.5,337,337.5,338,338.5
1683594047146133144,335,334.5,334,333.5,333,336.5,337,337.5,338,338.5
1683594047180569420,335,334.5,334,333.5,333,336.5,337,337.5,338,338.5
1683594047180683023,335,334.5,334,333.5,333,336.5,337,337.5,338,338.5
1683594047335680640,335,334.5,334,333.5,333,336.5,337,337.5,338,338.5
1683594048742276306,335,334.5,334,333.5,333,336.5,337,337.5,338,338.5
1683594049707736033,335,334.5,334,333.5,333,336.5,337,337.5,338,338.5
1683594049741737583,335,334.5,334,333.5,333,336.5,337,337.5,338,338.5
1683594049741737583,335,334.5,334,333.5,333,336.5,337,337.5,338,338.5
1683594051287055047,335,334.5,334,333.5,333,336.5,337,337.5,338,338.5
1683594051673633511,335,334.5,334,333.5,333,336.5,337,337.5,338,338.5
1683594051695608200,335,334.5,334,333.5,333,336.5,337,337.5,338,338.5
1683594052043601177,335,334.5,334,333.5,333,336.5,337,337.5,338,338.5
1683594052716405246,335,334.5,334,333.5,333,336.5,337,337.5,338,338.5
1683594053857009337,335,334.5,334,333.5,333,336.5,337,337.5,338,338.5
1683594054099412453,335,334.5,334,333.5,333,336.5,337,337.5,338,338.5
1683594054531800907,335,334.5,334,333.5,333,335.5,336.5,337,337.5,338
1683594054564996554,335,334.5,334,333.5,333,335.5,336.5,337,337.5,338
1683594054564996554,335,334.5,334,333.5,333,335.5,336.5,337,337.5,338
1683594054564996554,335,334.5,334,333.5,333,335.5,336.5,337,337.5,338
1683594054564996554,335,334.5,334,333.5,333,335.5,336.5,337,337.5,338
1683594056097012654,335,334.5,334,333.5,333,336.5,337,337.5,338,338.5
1683594056097134433,335,334.5,334,333.5,333,336.5,337,337.5,338,338.5
1683594056482197852,335,334.5,334,333.5,333,336.5,337,337.5,338,338.5
1683594056515435979,335,334.5,334,333.5,333,336.5,337,337.5,338,338.5
1683594056571751053,335,334.5,334,333.5,333,336,336.5,337,337.5,338
1683594056605481995,335,334.5,334,333.5,333,336,336.5,337,337.5,338
1683594056605481995,335,334.5,334,333.5,333,336,336.5,337,337.5,338
1683594056640127735,335,334.5,334,333.5,333,336,336.5,337,337.5,338
1683594056726732200,335,334.5,334,333.5,333,336,336.5,337,337.5,338
1683594057167846508,335,334.5,334,333.5,333,336,336.5,337,337.5,338
1683594058128538353,335,334.5,334,333.5,333,336,336.5,337,337.5,338
1683594058311529870,335,334.5,334,333.5,333,336,336.5,337,337.5,338
1683594058383198111,335,334.5,334,333.5,333,336,336.5,337,337.5,338
1683594058477490561,335.5,335,334.5,334,333.5,336,336.5,337,337.5,338
1683594058518428324,335.5,335,334.5,334,333.5,336,336.5,337,337.5,338
1683594059575473328,335.5,335,334.5,334,333.5,336,336.5,337,337.5,338
1683594059598091916,335.5,335,334.5,334,333.5,336,336.5,337,337.5,338
1683594060840362983,335.5,335,334.5,334,333.5,336,336.5,337,337.5,338
1683594060983270981,335.5,335,334.5,334,333.5,336,336.5,337,337.5,338
1683594061192070023,335.5,335,334.5,334,333.5,336,336.5,337,337.5,338
1683594062068876869,335.5,335,334.5,334,333.5,336,336.5,337,337.5,338
1683594063533081890,335.5,335,334.5,334,333.5,336,336.5,337,337.5,338
1683594063665379998,335.5,335,334.5,334,333.5,336,336.5,337,337.5,338
1683594064041196114,335.5,335,334.5,334,333.5,336,336.5,337,337.5,338
1683594064073697438,335.5,335,334.5,334,333.5,336,336.5,337,337.5,338
1683594064247945238,335.5,335,334.5,334,333.5,336,336.5,337,337.5,338
1683594065084341331,335.5,335,334.5,334,333.5,336,336.5,337,337.5,338
1683594065317912695,335.5,335,334.5,334,333.5,336,336.5,337,337.5,338
1683594065655741899,335.5,335,334.5,334,333.5,336,336.5,337,337.5,338
1683594065810380392,335.5,335,334.5,334,333.5,336,336.5,337,337.5,338
1683594066187455202,335.5,335,334.5,334,333.5,336,336.5,337,337.5,338
1683594066673807126,335.5,335,334.5,334,333.5,336,336.5,337,337.5,338
1683594066802725187,335.5,335,334.5,334,333.5,336,336.5,337,337.5,338
1683594067421939889,335.5,335,334.5,334,333.5,336,336.5,337,337.5,338
1683594067553515410,335.5,335,334.5,334,333.5,336,336.5,337,337.5,338
1683594067815131029,335.5,335,334.5,334,333.5,336,336.5,337,337.5,338
1683594067878917812,335.5,335,334.5,334,333.5,336,336.5,337,337.5,338
1683594067878917812,335.5,335,334.5,334,333.5,336,336.5,337,337.5,338
1683594068579843511,335.5,335,334.5,334,333.5,336,336.5,337,337.5,338
1683594068941758097,335.5,335,334.5,334,333.5,336,336.5,337,337.5,338
1683594070539534897,335.5,335,334.5,334,333.5,336,336.5,337,337.5,338
1683594070572199567,335.5,335,334.5,334,333.5,336,336.5,337,337.5,338
1683594070605099558,335.5,335,334.5,334,333.5,336,336.5,337,337.5,338
1683594070638281189,335.5,335,334.5,334,333.5,336,336.5,337,337.5,338
1683594070988034431,335.5,335,334.5,334,333.5,336,336.5,337,337.5,338
1683594071534717781,335.5,335,334.5,334,333.5,336,336.5,337,337.5,338
1683594072116200509,335.5,335,334.5,334,333.5,336,336.5,337,337.5,338
1683594072161219094,335.5,335,334.5,334,333.5,336,336.5,337,337.5,338
1683594072348774070,335.5,335,334.5,334,333.5,336,336.5,337,337.5,338
1683594074209441903,335.5,335,334.5,334,333.5,336,336.5,337,337.5,338
1683594074751366819,335.5,335,334.5,334,333.5,336,336.5,337,337.5,338
1683594077186191916,335.5,335,334.5,334,333.5,336,336.5,337,337.5,338
1683594077351231708,335.5,335,334.5,334,333.5,336,336.5,337,337.5,338
1683594077520124454,335.5,335,334.5,334,333.5,336,336.5,337,337.5,338
1683594077607063387,335.5,335,334.5,334,333.5,336,336.5,337,337.5,338
1683594077640700192,335.5,335,334.5,334,333.5,336,336.5,337,337.5,338
1683594077695025441,335.5,335,334.5,334,333.5,336,336.5,337,337.5,338
1683594078203239362,335.5,335,334.5,334,333.5,336,336.5,337,337.5,338
1683594079142279515,335.5,335,334.5,334,333.5,336,336.5,337,337.5,338
1683594079217071081,335.5,335,334.5,334,333.5,336,336.5,337,337.5,338
1683594079288676174,335.5,335,334.5,334,333.5,336,336.5,337,337.5,338
1683594080600852843,335.5,335,334.5,334,333.5,336,336.5,337,337.5,338
1683594080947459407,335.5,335,334.5,334,333.5,336,336.5,337,337.5,338
1683594083234724962,335.5,335,334.5,334,333.5,336,336.5,337,337.5,338
1683594084053361390,335.5,335,334.5,334,333.5,336,336.5,337,337.5,338
1683594085018925354,335.5,335,334.5,334,333.5,336,336.5,337,337.5,338
1683594085895256547,335.5,335,334.5,334,333.5,336,336.5,337,337.5,338
1683594085895256547,335.5,335,334.5,334,333.5,336,336.5,337,337.5,338
1683594085957860510,335.5,335,334.5,334,333.5,336,336.5,337,337.5,338
1683594086414388929,335.5,335,334.5,334,333.5,336,336.5,337,337.5,338
1683594088343935746,335.5,335,334.5,334,333.5,336,336.5,337,337.5,338
1683594088688005488,335.5,335,334.5,334,333.5,336,336.5,337,337.5,338
1683594089743264238,335.5,335,334.5,334,333.5,336,336.5,337,337.5,338
1683594090302896520,335.5,335,334.5,334,333.5,336,336.5,337,337.5,338
1683594090640708943,335.5,335,334.5,334,333.5,336,336.5,337,337.5,338
1683594090988859106,335.5,335,334.5,334,333.5,336,336.5,337,337.5,338
1683594091102645516,335.5,335,334.5,334,333.5,336,336.5,337,337.5,338
1683594091384231190,335.5,335,334.5,334,333.5,336,336.5,337,337.5,338
1683594091565314905,335.5,335,334.5,334,333.5,336,336.5,337,337.5,338
1683594092031112758,335.5,335,334.5,334,333.5,336,336.5,337,337.5,338
1683594094372645474,335.5,335,334.5,334,333.5,336,336.5,337,337.5,338
1683594094584170435,335.5,335,334.5,334,333.5,336,336.5,337,337.5,338
1683594095607439513,335.5,335,334.5,334,333.5,336,336.5,337,337.5,338
1683594095993173270,335.5,335,334.5,334,333.5,336,336.5,337,337.5,338
1683594096533789018,335.5,335,334.5,334,333.5,336,336.5,337,337.5,338
1683594098121547348,335.5,335,334.5,334,333.5,336,336.5,337,337.5,338
1683594099950212805,335.5,335,334.5,334,333.5,336,336.5,337,337.5,338
1683594100356620639,335.5,335,334.5,334,333.5,336,336.5,337,337.5,338
1683594100366794291,335.5,335,334.5,334,333.5,336,336.5,337,337.5,338
1683594100628962775,335.5,335,334.5,334,333.5,336,336.5,337,337.5,338
1683594100895125508,335.5,335,334.5,334,333.5,336,336.5,337,337.5,338
1683594101276498949,335.5,335,334.5,334,333.5,336,336.5,337,337.5,338
1683594101505721675,335.5,335,334.5,334,333.5,336,336.5,337,337.5,338
1683594102653636994,335.5,335,334.5,334,333.5,336,336.5,337,337.5,338
1683594102685011502,335.5,335,334.5,334,333.5,336,336.5,337,337.5,338
1683594103032365589,335.5,335,334.5,334,333.5,336,336.5,337,337.5,338
1683594103274817844,335.5,335,334.5,334,333.5,336,336.5,337,337.5,338
1683594103549310467,335.5,335,334.5,334,333.5,336,336.5,337,337.5,338
1683594103791011451,335.5,335,334.5,334,333.5,336,336.5,337,337.5,338
1683594103941999564,335.5,335,334.5,334,333.5,336,336.5,337,337.5,338
1683594103941999564,335.5,335,334.5,334,333.5,336,336.5,337,337.5,338
1683594105051663483,335.5,335,334.5,334,333.5,336.5,337,337.5,338,338.5
1683594105084355545,335.5,335,334.5,334,333.5,336.5,337,337.5,338,338.5
1683594105107450127,335.5,335,334.5,334,333.5,336.5,337,337.5,338,338.5
1683594105140656515,336,335.5,335,334.5,334,336.5,337,337.5,338,338.5
1683594105175409396,336,335.5,335,334.5,334,336.5,337,337.5,338,338.5
1683594105175409396,336,335.5,335,334.5,334,336.5,337,337.5,338,338.5
1683594105310304954,336,335.5,335,334.5,334,336.5,337,337.5,338,338.5
1683594107213400128,336,335.5,335,334.5,334,336.5,337,337.5,338,338.5
1683594107607452445,336,335.5,335,334.5,334,336.5,337,337.5,338,338.5
1683594107949846889,336,335.5,335,334.5,334,336.5,337,337.5,338,338.5
1683594109526959673,336,335.5,335,334.5,334,336.5,337,337.5,338,338.5
1683594109588938193,336,335.5,335,334.5,334,336.5,337,337.5,338,338.5
1683594109858237135,336,335.5,335,334.5,334,336.5,337,337.5,338,338.5
1683594109890088018,336,335.5,335,334.5,334,336.5,337,337.5,338,338.5
1683594110126818579,336,335.5,335,334.5,334,336.5,337,337.5,338,338.5
1683594113743033441,336,335.5,335,334.5,334,336.5,337,337.5,338,338.5
1683594113970724170,336,335.5,335,334.5,334,336.5,337,337.5,338,338.5
1683594114161107742,336,335.5,335,334.5,334,336.5,337,337.5,338,338.5
1683594114282252962,336,335.5,335,334.5,334,336.5,337,337.5,338,338.5
1683594114701303044,336,335.5,335,334.5,334,336.5,337,337.5,338,338.5
1683594115967808526,336,335.5,335,334.5,334,336.5,337,337.5,338,338.5
1683594116994338113,336,335.5,335,334.5,334,336.5,337,337.5,338,338.5
1683594117548300715,336,335.5,335,334.5,334,336.5,337,337.5,338,338.5
1683594117848606515,336,335.5,335,334.5,334,336.5,337,337.5,338,338.5
1683594118101358078,336,335.5,335,334.5,334,336.5,337,337.5,338,338.5
1683594118184361684,336,335.5,335,334.5,334,336.5,337,337.5,338,338.5
1683594118859487921,336,335.5,335,334.5,334,336.5,337,337.5,338,338.5
1683594118970907080,336,335.5,335,334.5,334,337,337.5,338,338.5,339
1683594119252638635,336.5,336,335.5,335,334.5,337,337.5,338,338.5,339
1683594119273306611,336.5,336,335.5,335,334.5,337,337.5,338,338.5,339
1683594119273306611,336.5,336,335.5,335,334.5,337,337.5,338,338.5,339
1683594119428645203,336.5,336,335.5,335,334.5,337,337.5,338,338.5,339
1683594119538316770,336.5,336,335.5,335,334.5,337,337.5,338,338.5,339
1683594119625412881,336.5,336,335.5,335,334.5,337,337.5,338,338.5,339
1683594120094127202,336.5,336,335.5,335,334.5,337,337.5,338,338.5,339
1683594120657321818,336.5,336,335.5,335,334.5,337,337.5,338,338.5,339
1683594121593048344,336.5,336,335.5,335,334.5,337,337.5,338,338.5,339
1683594121625670996,336.5,336,335.5,335,334.5,337,337.5,338,338.5,339
1683594122628784988,336.5,336,335.5,335,334.5,337,337.5,338,338.5,339
1683594122661513068,336,335.5,335,334.5,334,337,337.5,338,338.5,339
1683594122697826780,336,335.5,335,334.5,334,337,337.5,338,338.5,339
1683594122697826780,335.5,335,334.5,334,333.5,337,337.5,338,338.5,339
1683594122713956425,336.5,335.5,335,334.5,334,337,337.5,338,338.5,339
1683594122736527404,336.5,335.5,335,334.5,334,337,337.5,338,338.5,339
1683594122736527404,335.5,335,334.5,334,333.5,337,337.5,338,338.5,339
1683594122736581646,335.5,335,334.5,334,333.5,337,337.5,338,338.5,339
1683594122736581646,335.5,335,334.5,334,333.5,337,337.5,338,338.5,339
1683594122748730296,335.5,335,334.5,334,333.5,336.5,337,337.5,338,338.5
1683594122748730296,335.5,335,334.5,334,333.5,336.5,337,337.5,338,338.5
1683594122748730296,335.5,335,334.5,334,333.5,336.5,337,337.5,338,338.5
1683594122748730296,335.5,335,334.5,334,333.5,336.5,337,337.5,338,338.5
1683594122758744568,335.5,335,334.5,334,333.5,336.5,337,337.5,338,338.5
1683594122758744568,335.5,335,334.5,334,333.5,336.5,337,337.5,338,338.5
1683594122758955504,335.5,335,334.5,334,333.5,336.5,337,337.5,338,338.5
1683594122771154199,335.5,335,334.5,334,333.5,336.5,337,337.5,338,338.5
1683594122771154199,335.5,335,334.5,334,333.5,336.5,337,337.5,338,338.5
1683594122781214037,335.5,335,334.5,334,333.5,336.5,337,337.5,338,338.5
1683594122781214037,335.5,335,334.5,334,333.5,336.5,337,337.5,338,338.5
1683594122781276604,335,334.5,334,333.5,333,336.5,337,337.5,338,338.5
1683594122781276604,335,334.5,334,333.5,333,336.5,337,337.5,338,338.5
1683594122793560759,335,334.5,334,333.5,333,336,336.5,337,337.5,338
1683594122793560759,335,334.5,334,333.5,333,336,336.5,337,337.5,338
1683594122793699539,335,334.5,334,333.5,333,336,336.5,337,337.5,338
1683594122793831858,335,334.5,334,333.5,333,336,336.5,337,337.5,338
1683594122816068279,335,334.5,334,333.5,333,336,336.5,337,337.5,338
1683594122826304408,335,334.5,334,333.5,333,336,336.5,337,337.5,338
1683594122826304408,335,334.5,334,333.5,333,336,336.5,337,337.5,338
1683594122849708311,335,334.5,334,333.5,333,336,336.5,337,337.5,338
1683594123228348790,335,334.5,334,333.5,333,336,336.5,337,337.5,338
1683594123273834574,335,334.5,334,333.5,333,336.5,337,337.5,338,338.5
1683594123306630501,335,334.5,334,333.5,333,336.5,337,337.5,338,338.5
1683594123338417193,335,334.5,334,333.5,333,336.5,337,337.5,338,338.5
1683594123581267115,335,334.5,334,333.5,333,336.5,337,337.5,338,338.5
1683594123614194819,335,334.5,334,333.5,333,336.5,337,337.5,338,338.5
1683594123614194819,335,334.5,334,333.5,333,336.5,337,337.5,338,338.5
1683594124941770666,335,334.5,334,333.5,333,336.5,337,337.5,338,338.5
1683594125171346264,335,334.5,334,333.5,333,336.5,337,337.5,338,338.5
1683594127298401091,336,335,334.5,334,333.5,336.5,337,337.5,338,338.5
1683594127321754028,335,334.5,334,333.5,333,336,336.5,337,337.5,338
1683594127321754028,335,334.5,334,333.5,333,336,336.5,337,337.5,338
1683594127358476217,335,334.5,334,333.5,333,336,336.5,337,337.5,338
1683594127358476217,335,334.5,334,333.5,333,336,336.5,337,337.5,338
1683594127358476217,335,334.5,334,333.5,333,336,336.5,337,337.5,338
1683594127358476217,335,334.5,334,333.5,333,336,336.5,337,337.5,338
1683594127379449276,335,334.5,334,333.5,333,336,336.5,337,337.5,338
1683594127399508318,334.5,334,333.5,333,332.5,336,336.5,337,337.5,338
1683594127422181149,334.5,334,333.5,333,332.5,336,336.5,337,337.5,338
1683594127444645748,334.5,334,333.5,333,332.5,336,336.5,337,337.5,338
1683594128263064309,334.5,334,333.5,333,332.5,336,336.5,337,337.5,338
1683594128293588891,334.5,334,333.5,333,332.5,336,336.5,337,337.5,338
1683594128562209269,334.5,334,333.5,333,332.5,336,336.5,337,337.5,338
1683594128594595046,334.5,334,333.5,333,332.5,336,336.5,337,337.5,338
1683594131024546016,335,334.5,334,333.5,333,336,336.5,337,337.5,338
1683594131057689326,335,334.5,334,333.5,333,336,336.5,337,337.5,338
1683594131086909499,335,334.5,334,333.5,333,336,336.5,337,337.5,338
1683594131110613345,335,334.5,334,333.5,333,336,336.5,337,337.5,338
1683594131711925520,335,334.5,334,333.5,333,336,336.5,337,337.5,338
1683594132192883990,335,334.5,334,333.5,333,336,336.5,337,337.5,338
1683594132502234523,335,334.5,334,333.5,333,336,336.5,337,337.5,338
1683594132822971323,335,334.5,334,333.5,333,336,336.5,337,337.5,338
1683594133046943450,335,334.5,334,333.5,333,336,336.5,337,337.5,338
1683594133843605872,335,334.5,334,333.5,333,336,336.5,337,337.5,338
1683594133999373920,335,334.5,334,333.5,333,336,336.5,337,337.5,338
1683594135156389335,335,334.5,334,333.5,333,336,336.5,337,337.5,338
1683594135796868699,335,334.5,334,333.5,333,336,336.5,337,337.5,338
1683594136637117639,335,334.5,334,333.5,333,336,336.5,337,337.5,338
1683594137174756381,335,334.5,334,333.5,333,336,336.5,337,337.5,338
1683594138177300714,335,334.5,334,333.5,333,336,336.5,337,337.5,338
1683594140180429489,335,334.5,334,333.5,333,336,336.5,337,337.5,338
1683594140498711771,335,334.5,334,333.5,333,336,336.5,337,337.5,338
1683594141045882070,335,334.5,334,333.5,333,336,336.5,337,337.5,338
1683594142105370591,335.5,335,334.5,334,333.5,336,336.5,337,337.5,338
1683594142140282501,335.5,335,334.5,334,333.5,336,336.5,337,337.5,338
1683594142674126118,335.5,335,334.5,334,333.5,336,336.5,337,337.5,338
1683594143241261753,335.5,335,334.5,334,333.5,336,336.5,337,337.5,338
1683594143492041544,335.5,335,334.5,334,333.5,336,336.5,337,337.5,338
1683594144353039401,335.5,335,334.5,334,333.5,336,336.5,337,337.5,338
1683594144529399061,335.5,335,334.5,334,333.5,336,336.5,337,337.5,338
1683594145188929936,335.5,335,334.5,334,333.5,336,336.5,337,337.5,338
1683594145560721327,335.5,335,334.5,334,333.5,336,336.5,337,337.5,338
1683594146791563678,335.5,335,334.5,334,333.5,336,336.5,337,337.5,338
1683594150003892570,335.5,335,334.5,334,333.5,336,336.5,337,337.5,338
1683594150735735959,335.5,335,334.5,334,333.5,336,336.5,337,337.5,338
1683594151416669349,335.5,335,334.5,334,333.5,336,336.5,337,337.5,338
1683594151732118702,335.5,335,334.5,334,333.5,336,336.5,337,337.5,338
1683594152306480766,335.5,335,334.5,334,333.5,336,336.5,337,337.5,338
1683594153158566931,335.5,335,334.5,334,333.5,336,336.5,337,337.5,338
1683594153453681413,335.5,335,334.5,334,333.5,336,336.5,337,337.5,338
1683594153933046182,335.5,335,334.5,334,333.5,336,336.5,337,337.5,338
1683594154379307846,335.5,335,334.5,334,333.5,336,336.5,337,337.5,338
1683594156154035359,335.5,335,334.5,334,333.5,336,336.5,337,337.5,338
1683594156704855731,335.5,335,334.5,334,333.5,336,336.5,337,337.5,338
1683594158580631180,335.5,335,334.5,334,333.5,336,336.5,337,337.5,338
1683594159477513343,335.5,335,334.5,334,333.5,336,336.5,337,337.5,338
1683594160764967728,335.5,335,334.5,334,333.5,336,336.5,337,337.5,338
1683594160841592287,335.5,335,334.5,334,333.5,336,336.5,337,337.5,338
1683594161991835487,335.5,335,334.5,334,333.5,336,336.5,337,337.5,338
1683594166119560955,335.5,335,334.5,334,333.5,336,336.5,337,337.5,338
1683594167790590325,335.5,335,334.5,334,333.5,336,336.5,337,337.5,338
1683594168780051533,335.5,335,334.5,334,333.5,336,336.5,337,337.5,338
1683594169997777568,335.5,335,334.5,334,333.5,336,336.5,337,337.5,338
1683594170073133335,335.5,335,334.5,334,333.5,336,336.5,337,337.5,338
1683594170327124545,335,334.5,334,333.5,333,336,336.5,337,337.5,338
1683594170472503456,335,334.5,334,333.5,333,336,336.5,337,337.5,338
1683594170498338413,335,334.5,334,333.5,333,336,336.5,337,337.5,338
1683594170741642828,335,334.5,334,333.5,333,336,336.5,337,337.5,338
1683594170912074288,335,334.5,334,333.5,333,335.5,336,336.5,337,337.5
1683594170942507048,335,334.5,334,333.5,333,335.5,336,336.5,337,337.5
1683594174176236952,335,334.5,334,333.5,333,335.5,336,336.5,337,337.5
1683594174791743098,335,334.5,334,333.5,333,335.5,336,336.5,337,337.5
1683594175510315429,335,334.5,334,333.5,333,335.5,336,336.5,337,337.5
1683594177247420211,335,334.5,334,333.5,333,336,336.5,337,337.5,338
1683594177637124164,335,334.5,334,333.5,333,336,336.5,337,337.5,338
1683594177661407819,335,334.5,334,333.5,333,336,336.5,337,337.5,338
1683594177727641478,335.5,335,334.5,334,333.5,336,336.5,337,337.5,338
1683594177758380523,335.5,335,334.5,334,333.5,336,336.5,337,337.5,338
1683594180375807576,335.5,335,334.5,334,333.5,336,336.5,337,337.5,338
1683594181338438738,335.5,335,334.5,334,333.5,336,336.5,337,337.5,338
1683594181482704680,335.5,335,334.5,334,333.5,336,336.5,337,337.5,338
1683594181760369229,335.5,335,334.5,334,333.5,336,336.5,337,337.5,338
1683594182493332771,335.5,335,334.5,334,333.5,336,336.5,337,337.5,338
1683594187425073636,335.5,335,334.5,334,333.5,336,336.5,337,337.5,338
1683594191753623148,335.5,335,334.5,334,333.5,336,336.5,337,337.5,338
1683594191797707821,335.5,335,334.5,334,333.5,336,336.5,337,337.5,338
1683594196755057529,335.5,335,334.5,334,333.5,336,336.5,337,337.5,338
1683594199097662610,335,334.5,334,333.5,333,336,336.5,337,337.5,338
1683594199118183340,335,334.5,334,333.5,333,336,336.5,337,337.5,338
1683594199128430049,335,334.5,334,333.5,333,336,336.5,337,337.5,338
1683594199139043557,335,334.5,334,333.5,333,336,336.5,337,337.5,338
1683594199646542339,335,334.5,334,333.5,333,335.5,336,336.5,337,337.5
1683594199669737069,335,334.5,334,333.5,333,335.5,336,336.5,337,337.5
1683594199679332505,335,334.5,334,333.5,333,335.5,336,336.5,337,337.5
1683594199679332505,335,334.5,334,333.5,333,336,336.5,337,337.5,338
1683594202063813522,335,334.5,334,333.5,333,335.5,336,336.5,337,337.5
1683594202097099389,335,334.5,334,333.5,333,336,336.5,337,337.5,338
1683594202097099389,335.5,335,334.5,334,333.5,336,336.5,337,337.5,338
1683594202097212432,335.5,335,334.5,334,333.5,336,336.5,337,337.5,338
1683594202131369284,335.5,335,334.5,334,333.5,336,336.5,337,337.5,338
1683594202131369284,335.5,335,334.5,334,333.5,336.5,337,337.5,338,338.5
1683594202132836769,335.5,335,334.5,334,333.5,336.5,337,337.5,338,338.5
1683594202132836769,335.5,335,334.5,334,333.5,336.5,337,337.5,338,338.5
1683594202153505146,335.5,335,334.5,334,333.5,336.5,337,337.5,338,338.5
1683594202153505146,335.5,335,334.5,334,333.5,336.5,337,337.5,338,338.5
1683594202153505146,335.5,335,334.5,334,333.5,336.5,337,337.5,338,338.5
1683594202176113235,335.5,335,334.5,334,333.5,336.5,337,337.5,338,338.5
1683594202176113235,335.5,335,334.5,334,333.5,336.5,337,337.5,338,338.5
1683594202772886227,335.5,335,334.5,334,333.5,337,337.5,338,338.5,339
1683594202805742267,336,335.5,335,334.5,334,337,337.5,338,338.5,339
1683594202805742267,336,335.5,335,334.5,334,337,337.5,338,338.5,339
1683594202818045057,336,335.5,335,334.5,334,337,337.5,338,338.5,339
1683594202828457337,336,335.5,335,334.5,334,337,337.5,338,338.5,339
1683594202828457337,336,335.5,335,334.5,334,337,337.5,338,338.5,339
1683594202828510877,336,335.5,335,334.5,334,337,337.5,338,338.5,339
1683594202828510877,336,335.5,335,334.5,334,337,337.5,338,338.5,339
1683594202828632736,336,335.5,335,334.5,334,337,337.5,338,338.5,339
1683594202828632736,336,335.5,335,334.5,334,337,337.5,338,338.5,339
1683594202838510372,336,335.5,335,334.5,334,337,337.5,338,338.5,339
1683594203633236568,336,335.5,335,334.5,334,337,337.5,338,338.5,339
1683594205280388637,336,335.5,335,334.5,334,337,337.5,338,338.5,339
1683594205310690662,336,335.5,335,334.5,334,337,337.5,338,338.5,339
1683594205331250264,335.5,335,334.5,334,333.5,337,337.5,338,338.5,339
1683594205351702535,335.5,335,334.5,334,333.5,337,337.5,338,338.5,339
1683594205361769537,335.5,335,334.5,334,333.5,337,337.5,338,338.5,339
1683594205361841372,335.5,335,334.5,334,333.5,337,337.5,338,338.5,339
1683594205374114025,335.5,335,334.5,334,333.5,337,337.5,338,338.5,339
1683594205384337230,335.5,335,334.5,334,333.5,337,337.5,338,338.5,339
1683594205384337230,336,335.5,335,334.5,334,337,337.5,338,338.5,339
1683594205405632784,336,335.5,335,334.5,334,337,337.5,338,338.5,339
1683594205405632784,336,335.5,335,334.5,334,337,337.5,338,338.5,339
1683594205405741228,336,335.5,335,334.5,334,337,337.5,338,338.5,339
1683594205405741228,336,335.5,335,334.5,334,337,337.5,338,338.5,339
1683594205426179442,336,335.5,335,334.5,334,337,337.5,338,338.5,339
1683594205520446276,336,335.5,335,334.5,334,337,337.5,338,338.5,339
1683594206994936708,336,335.5,335,334.5,334,337,337.5,338,338.5,339
1683594207025666706,336,335.5,335,334.5,334,337,337.5,338,338.5,339
1683594207058492610,336,335.5,335,334.5,334,337,337.5,338,338.5,339
1683594207091422799,335.5,335,334.5,334,333.5,337,337.5,338,338.5,339
1683594207114014156,335.5,335,334.5,334,333.5,337,337.5,338,338.5,339
1683594207114071634,335.5,335,334.5,334,333.5,337,337.5,338,338.5,339
1683594207125913007,335.5,335,334.5,334,333.5,337,337.5,338,338.5,339
1683594207136138126,335.5,335,334.5,334,333.5,337,337.5,338,338.5,339
1683594207136138126,335.5,335,334.5,334,333.5,337,337.5,338,338.5,339
1683594207136138126,336,335.5,335,334.5,334,337,337.5,338,338.5,339
1683594207158737288,336,335.5,335,334.5,334,337,337.5,338,338.5,339
1683594207158737288,336,335.5,335,334.5,334,337,337.5,338,338.5,339
1683594207158737288,336,335.5,335,334.5,334,337,337.5,338,338.5,339
1683594207191748359,336,335.5,335,334.5,334,337,337.5,338,338.5,339
1683594207587103722,336,335.5,335,334.5,334,337,337.5,338,338.5,339
1683594208903121468,336.5,336,335.5,335,334.5,337,337.5,338,338.5,339
1683594208933354914,336.5,336,335.5,335,334.5,337,337.5,338,338.5,339
1683594211752772562,336,335.5,335,334.5,334,337,337.5,338,338.5,339
1683594211942508718,336.5,336,335.5,335,334.5,337,337.5,338,338.5,339
1683594212050447733,336.5,336,335.5,335,334.5,337,337.5,338,338.5,339
1683594214389271575,336.5,336,335.5,335,334.5,337,337.5,338,338.5,339
1683594214735386886,336.5,336,335.5,335,334.5,337,337.5,338,338.5,339
1683594216621697495,336.5,336,335.5,335,334.5,337,337.5,338,338.5,339
1683594218813897949,336.5,336,335.5,335,334.5,337,337.5,338,338.5,339
1683594219170343056,336.5,336,335.5,335,334.5,337,337.5,338,338.5,339
1683594219835888825,336.5,336,335.5,335,334.5,337,337.5,338,338.5,339
1683594221527747715,336.5,336,335.5,335,334.5,337,337.5,338,338.5,339
1683594224535211576,336,335.5,335,334.5,334,337,337.5,338,338.5,339
1683594224566315656,336,335.5,335,334.5,334,337,337.5,338,338.5,339
1683594224576971704,336,335.5,335,334.5,334,337,337.5,338,338.5,339
1683594224598694961,336,335.5,335,334.5,334,337,337.5,338,338.5,339
1683594224717571281,336.5,336,335.5,335,334.5,337,337.5,338,338.5,339
1683594224717649478,336.5,336,335.5,335,334.5,337,337.5,338,338.5,339
1683594224750209002,336.5,336,335.5,335,334.5,337,337.5,338,338.5,339
1683594229781125688,336.5,336,335.5,335,334.5,337,337.5,338,338.5,339
1683594231170780675,336,335.5,335,334.5,334,337,337.5,338,338.5,339
1683594231201410445,336,335.5,335,334.5,334,337,337.5,338,338.5,339
1683594231221912589,336,335.5,335,334.5,334,337,337.5,338,338.5,339
1683594231232228348,336,335.5,335,334.5,334,337,337.5,338,338.5,339
1683594231529534115,336,335.5,335,334.5,334,337,337.5,338,338.5,339
1683594234394459698,336,335.5,335,334.5,334,337,337.5,338,338.5,339
1683594234569049295,336,335.5,335,334.5,334,337,337.5,338,338.5,339
1683594235481742715,336,335.5,335,334.5,334,336.5,337,337.5,338,338.5
1683594235514577996,336,335.5,335,334.5,334,336.5,337,337.5,338,338.5
1683594236459412263,336,335.5,335,334.5,334,336.5,337,337.5,338,338.5
1683594237424010910,336,335.5,335,334.5,334,336.5,337,337.5,338,338.5
1683594238725935004,336,335.5,335,334.5,334,336.5,337,337.5,338,338.5
1683594239056942900,336,335.5,335,334.5,334,336.5,337,337.5,338,338.5
1683594239382853384,336,335.5,335,334.5,334,336.5,337,337.5,338,338.5
1683594239738739321,336,335.5,335,334.5,334,336.5,337,337.5,338,338.5
1683594239803287766,336,335.5,335,334.5,334,336.5,337,337.5,338,338.5
1683594241920088240,336,335.5,335,334.5,334,336.5,337,337.5,338,338.5
1683594242187232727,336,335.5,335,334.5,334,336.5,337,337.5,338,338.5
1683594242416497541,336,335.5,335,334.5,334,336.5,337,337.5,338,338.5
1683594248827928693,336,335.5,335,334.5,334,336.5,337,337.5,338,338.5
1683594250964949332,336,335.5,335,334.5,334,336.5,337,337.5,338,338.5
1683594250997779804,336,335.5,335,334.5,334,336.5,337,337.5,338,338.5
1683594255239646783,336.5,336,335.5,335,334.5,337,337.5,338,338.5,339
1683594255273119350,336.5,336,335.5,335,334.5,337,337.5,338,338.5,339
1683594256722975580,336.5,336,335.5,335,334.5,337,337.5,338,338.5,339
1683594259859493120,336.5,336,335.5,335,334.5,337,337.5,338,338.5,339
1683594259929688117,336.5,336,335.5,335,334.5,337,337.5,338,338.5,339
1683594260602913075,336.5,336,335.5,335,334.5,337,337.5,338,338.5,339
1683594262043769647,336.5,336,335.5,335,334.5,337,337.5,338,338.5,339
1683594262171649342,336.5,336,335.5,335,334.5,337,337.5,338,338.5,339
1683594264567917681,336.5,336,335.5,335,334.5,337,337.5,338,338.5,339
1683594266716292048,336.5,336,335.5,335,334.5,337,337.5,338,338.5,339
1683594268936628079,336.5,336,335.5,335,334.5,337,337.5,338,338.5,339
1683594269569916813,336.5,336,335.5,335,334.5,337,337.5,338,338.5,339
1683594271296774677,336.5,336,335.5,335,334.5,337,337.5,338,338.5,339
1683594271715653908,336.5,336,335.5,335,334.5,337,337.5,338,338.5,339
1683594271760960756,336.5,336,335.5,335,334.5,337,337.5,338,338.5,339
1683594273276124445,336.5,336,335.5,335,334.5,337,337.5,338,338.5,339
1683594274693714803,336.5,336,335.5,335,334.5,337,337.5,338,338.5,339
1683594276804839531,336.5,336,335.5,335,334.5,337,337.5,338,338.5,339
1683594281409750686,336.5,336,335.5,335,334.5,337,337.5,338,338.5,339
1683594281421001310,336.5,336,335.5,335,334.5,337,337.5,338,338.5,339
1683594282554025310,336.5,336,335.5,335,334.5,337,337.5,338,338.5,339
1683594284640951162,336,335.5,335,334.5,334,337,337.5,338,338.5,339
1683594284683563140,336,335.5,335,334.5,334,337,337.5,338,338.5,339
1683594284718378669,336,335.5,335,334.5,334,337,337.5,338,338.5,339
1683594284954162944,336,335.5,335,334.5,334,336.5,337,337.5,338,338.5
1683594284976580295,336,335.5,335,334.5,334,336.5,337,337.5,338,338.5
1683594285364834225,336,335.5,335,334.5,334,336.5,337,337.5,338,338.5
1683594285544770200,336,335.5,335,334.5,334,336.5,337,337.5,338,338.5
1683594285589768548,336,335.5,335,334.5,334,336.5,337,337.5,338,338.5
1683594286181092820,336,335.5,335,334.5,334,336.5,337,337.5,338,338.5
1683594288041304317,336.5,336,335.5,335,334.5,337,337.5,338,338.5,339
1683594288066263149,336.5,336,335.5,335,334.5,337,337.5,338,338.5,339
1683594288423308052,336,335.5,335,334.5,334,336.5,337,337.5,338,338.5
1683594288447003001,336,335.5,335,334.5,334,336.5,337,337.5,338,338.5
1683594289472370126,336,335.5,335,334.5,334,336.5,337,337.5,338,338.5
1683594292448583712,336,335.5,335,334.5,334,336.5,337,337.5,338,338.5
1683594298113437441,336,335.5,335,334.5,334,336.5,337,337.5,338,338.5
1683594298244570595,336,335.5,335,334.5,334,336.5,337,337.5,338,338.5
1683594301446700278,336,335.5,335,334.5,334,336.5,337,337.5,338,338.5
1683594302187359700,336,335.5,335,334.5,334,336.5,337,337.5,338,338.5
1683594304722392421,336,335.5,335,334.5,334,336.5,337,337.5,338,338.5
1683594307148551563,336,335.5,335,334.5,334,336.5,337,337.5,338,338.5
1683594308494092021,336,335.5,335,334.5,334,336.5,337,337.5,338,338.5
1683594308908699723,336,335.5,335,334.5,334,336.5,337,337.5,338,338.5
1683594310535767823,336,335.5,335,334.5,334,336.5,337,337.5,338,338.5
1683594311749432142,336,335.5,335,334.5,334,336.5,337,337.5,338,338.5
1683594317645392834,336,335.5,335,334.5,334,336.5,337,337.5,338,338.5
1683594321379047762,336,335.5,335,334.5,334,336.5,337,337.5,338,338.5
1683594321413081473,336,335.5,335,334.5,334,336.5,337,337.5,338,338.5
1683594321732182783,336,335.5,335,334.5,334,336.5,337,337.5,338,338.5
1683594322029333529,336,335.5,335,334.5,334,336.5,337,337.5,338,338.5
1683594324800166195,336,335.5,335,334.5,334,336.5,337,337.5,338,338.5
1683594329833220988,336,335.5,335,334.5,334,336.5,337,337.5,338,338.5
1683594330406890702,336,335.5,335,334.5,334,336.5,337,337.5,338,338.5
1683594331497223165,336,335.5,335,334.5,334,336.5,337,337.5,338,338.5
1683594332190168439,336,335.5,335,334.5,334,336.5,337,337.5,338,338.5
1683594332689239939,336,335.5,335,334.5,334,336.5,337,337.5,338,338.5
1683594333375289876,336,335.5,335,334.5,334,336.5,337,337.5,338,338.5
1683594335793070117,336,335.5,335,334.5,334,336.5,337,337.5,338,338.5
1683594337813478086,336,335.5,335,334.5,334,336.5,337,337.5,338,338.5
1683594340970424404,335.5,335,334.5,334,333.5,336.5,337,337.5,338,338.5
1683594340994875703,335.5,335,334.5,334,333.5,336.5,337,337.5,338,338.5
1683594340994875703,335.5,335,334.5,334,333.5,336.5,337,337.5,338,338.5
1683594341007170468,335.5,335,334.5,334,333.5,336.5,337,337.5,338,338.5
1683594341017401938,335.5,335,334.5,334,333.5,336.5,337,337.5,338,338.5
1683594341027652374,335.5,335,334.5,334,333.5,336.5,337,337.5,338,338.5
1683594341027652374,335.5,335,334.5,334,333.5,336.5,337,337.5,338,338.5
1683594341061236161,335,334.5,334,333.5,333,336.5,337,337.5,338,338.5
1683594341082074517,335,334.5,334,333.5,333,336.5,337,337.5,338,338.5
1683594341105757774,335,334.5,334,333.5,333,336.5,337,337.5,338,338.5
1683594342472096963,335,334.5,334,333.5,333,336,336.5,337,337.5,338
1683594342505014970,335,334.5,334,333,332.5,336,336.5,337,337.5,338
1683594342505014970,335,334.5,334,333,332.5,336,336.5,337,337.5,338
1683594342526921892,335,334.5,334,333,332.5,336,336.5,337,337.5,338
1683594345137050452,335,334.5,334,333,332.5,336,336.5,337,337.5,338
1683594346646483312,335,334.5,334,333,332.5,336,336.5,337,337.5,338
1683594347696171282,335,334.5,334,333,332.5,336,336.5,337,337.5,338
1683594349965909640,335,334.5,334,333,332.5,336,336.5,337,337.5,338
1683594349997114080,335,334.5,334,333,332.5,336,336.5,337,337.5,338
1683594350986011860,335,334.5,334,333,332.5,336,336.5,337,337.5,338
1683594352142436928,335,334.5,334,333,332.5,336,336.5,337,337.5,338
1683594354089071451,335,334.5,334,333,332.5,336,336.5,337,337.5,338
1683594355866712545,335,334.5,334,333,332.5,336,336.5,337,337.5,338
1683594356325409708,335,334.5,334,333,332.5,336,336.5,337,337.5,338
1683594357131121251,335,334.5,334,333,332.5,336,336.5,337,337.5,338
1683594358803562884,335,334.5,334,333,332.5,336,336.5,337,337.5,338
1683594360876767815,335,334.5,334,333,332.5,336,336.5,337,337.5,338
1683594361770688507,335,334.5,334,333,332.5,336,336.5,337,337.5,338
1683594362121245859,335,334.5,334,333,332.5,336,336.5,337,337.5,338
1683594362199500769,335,334.5,334,333,332.5,336,336.5,337,337.5,338
1683594362221760063,335,334.5,334,333,332.5,336,336.5,337,337.5,338
1683594362244622038,334.5,334,333,332.5,332,336,336.5,337,337.5,338
1683594362279006639,334.5,334,333,332.5,332,336,336.5,337,337.5,338
1683594362279006639,334.5,334,333,332.5,332,335.5,336,336.5,337,337.5
1683594362289292291,334.5,334,333,332.5,332,335.5,336,336.5,337,337.5
1683594362312370352,334.5,334,333,332.5,332,335.5,336,336.5,337,337.5
1683594362312370352,334.5,334,333,332.5,332,335.5,336,336.5,337,337.5
1683594362312370352,334.5,334,333,332.5,332,335.5,336,336.5,337,337.5
1683594362312462525,334.5,334,333,332.5,332,335.5,336,336.5,337,337.5
1683594364065238983,334.5,334,333,332.5,332,335.5,336,336.5,337,337.5
1683594364526774376,334.5,334,333,332.5,332,335,335.5,336,336.5,337
1683594364539301036,334.5,334,333,332.5,332,335,335.5,336,336.5,337
1683594365561601122,334.5,334,333,332.5,332,335,335.5,336,336.5,337
1683594366141522133,334.5,334,333,332.5,332,335,335.5,336,336.5,337
1683594367101523639,334.5,334,333,332.5,332,335,335.5,336,336.5,337
1683594368541308228,334.5,334,333,332.5,332,335.5,336,336.5,337,337.5
1683594368563699550,334.5,334,333,332.5,332,335.5,336,336.5,337,337.5
1683594368585917045,334.5,334,333,332.5,332,335.5,336,336.5,337,337.5
1683594369485214483,334.5,334,333,332.5,332,335.5,336,336.5,337,337.5
1683594370178171560,334.5,334,333,332.5,332,335.5,336,336.5,337,337.5
1683594370780622674,334.5,334,333,332.5,332,335.5,336,336.5,337,337.5
1683594371235320337,334.5,334,333,332.5,332,335.5,336,336.5,337,337.5
1683594373446895159,335,334.5,334,333,332.5,335.5,336,336.5,337,337.5
1683594373469379546,334.5,334,333,332.5,332,335,335.5,336,336.5,337
1683594373491545685,334.5,334,333,332.5,332,335,335.5,336,336.5,337
1683594373523724784,334.5,334,333,332.5,332,335,335.5,336,336.5,337
1683594373956683942,334.5,334,333,332.5,332,335,335.5,336,336.5,337
1683594373988913165,334.5,334,333,332.5,332,335,335.5,336,336.5,337
1683594374087920129,334.5,334,333,332.5,332,335,335.5,336,336.5,337
1683594374536697858,334,333,332.5,332,331.5,334.5,335,335.5,336,336.5
1683594374557231772,334,333,332.5,332,331.5,334.5,335,335.5,336,336.5
1683594374557231772,334,333,332.5,332,331.5,334.5,335,335.5,336,336.5
1683594374557369200,334,333,332.5,332,331.5,334.5,335,335.5,336,336.5
1683594374579458314,334,333,332.5,332,331.5,334.5,335,335.5,336,336.5
1683594374591964235,334,333,332.5,332,331.5,334.5,335,335.5,336,336.5
1683594374624462734,334,333,332.5,332,331.5,334.5,335,335.5,336,336.5
1683594375835372401,334,333,332.5,332,331.5,334.5,335,335.5,336,336.5
1683594377181436232,334,333,332.5,332,331.5,334.5,335,335.5,336,336.5
1683594377447901092,334,333,332.5,332,331.5,334.5,335,335.5,336,336.5
1683594378548719964,334,333,332.5,332,331.5,334.5,335,335.5,336,336.5
1683594379396686765,334,333,332.5,332,331.5,334.5,335,335.5,336,336.5
1683594379429126403,334,333,332.5,332,331.5,334.5,335,335.5,336,336.5
1683594379451742988,334,333,332.5,332,331.5,334.5,335,335.5,336,336.5
1683594381016316068,334,333,332.5,332,331.5,334.5,335,335.5,336,336.5
1683594381972761777,334,333,332.5,332,331.5,334.5,335,335.5,336,336.5
1683594381995375867,334,333,332.5,332,331.5,335,335.5,336,336.5,337
1683594382028072318,334,333,332.5,332,331.5,335,335.5,336,336.5,337
1683594382058774053,334,333,332.5,332,331.5,335,335.5,336,336.5,337
1683594382368221467,334,333,332.5,332,331.5,335,335.5,336,336.5,337
1683594384523995869,334,333,332.5,332,331.5,335,335.5,336,336.5,337
1683594386314543596,334,333,332.5,332,331.5,335,335.5,336,336.5,337
1683594386501434300,334,333,332.5,332,331.5,335,335.5,336,336.5,337
1683594387119470846,334,333,332.5,332,331.5,335,335.5,336,336.5,337
1683594387722637103,333,332.5,332,331.5,331,335,335.5,336,336.5,337
1683594387755480710,333,332.5,332,331.5,331,335,335.5,336,336.5,337
1683594387766265028,333,332.5,332,331.5,331,335,335.5,336,336.5,337
1683594387766265028,333,332.5,332,331.5,331,335,335.5,336,336.5,337
1683594387788781435,333,332.5,332,331.5,331,335,335.5,336,336.5,337
1683594387788781435,333.5,333,332.5,332,331.5,335,335.5,336,336.5,337
1683594387788781435,333.5,333,332.5,332,331.5,335,335.5,336,336.5,337
1683594387788957696,333.5,333,332.5,332,331.5,335,335.5,336,336.5,337
1683594387811308251,333.5,333,332.5,332,331.5,335,335.5,336,336.5,337
1683594387823136048,333.5,333,332.5,332,331.5,335,335.5,336,336.5,337
1683594387833303899,333.5,333,332.5,332,331.5,335,335.5,336,336.5,337
1683594387845787278,333.5,333,332.5,332,331.5,335,335.5,336,336.5,337
1683594387876198918,334,333.5,333,332.5,332,335,335.5,336,336.5,337
1683594387910018738,334,333.5,333,332.5,332,335,335.5,336,336.5,337
1683594387910073320,334,333.5,333,332.5,332,335,335.5,336,336.5,337
1683594387920453851,334,333.5,333,332.5,332,335,335.5,336,336.5,337
1683594387940753625,334,333.5,333,332.5,332,335,335.5,336,336.5,337
1683594387940753625,334,333.5,333,332.5,332,335,335.5,336,336.5,337
1683594387950980607,334,333.5,333,332.5,332,335,335.5,336,336.5,337
1683594389906963564,334,333.5,333,332.5,332,335,335.5,336,336.5,337
1683594389989855430,334,333.5,333,332.5,332,335,335.5,336,336.5,337
1683594392862334517,334,333.5,333,332.5,332,335,335.5,336,336.5,337
1683594392874774594,334,333.5,333,332.5,332,335,335.5,336,336.5,337
1683594393296259218,334,333.5,333,332.5,332,335,335.5,336,336.5,337
1683594393331143626,334,333.5,333,332.5,332,335.5,336,336.5,337,337.5
1683594393351849744,334.5,334,333.5,333,332.5,335.5,336,336.5,337,337.5
1683594393351849744,334.5,334,333.5,333,332.5,335.5,336,336.5,337,337.5
1683594393351849744,334.5,334,333.5,333,332.5,335.5,336,336.5,337,337.5
1683594393372415708,334.5,334,333.5,333,332.5,335.5,336,336.5,337,337.5
1683594393372415708,334.5,334,333.5,333,332.5,335.5,336,336.5,337,337.5
1683594393384634560,334.5,334,333.5,333,332.5,335.5,336,336.5,337,337.5
1683594393384634560,334.5,334,333.5,333,332.5,335.5,336,336.5,337,337.5
1683594393394869227,334.5,334,333.5,333,332.5,335.5,336,336.5,337,337.5
1683594393651685181,334.5,334,333.5,333,332.5,335.5,336,336.5,337,337.5
1683594394443223522,334.5,334,333.5,333,332.5,335.5,336,336.5,337,337.5
1683594394484068712,334.5,334,333.5,333,332.5,335.5,336,336.5,337,337.5
1683594395373194032,335,334.5,334,333.5,333,335.5,336,336.5,337,337.5
1683594395405886344,335,334.5,334,333.5,333,335.5,336,336.5,337,337.5
1683594395405886344,335,334.5,334,333.5,333,335.5,336,336.5,337,337.5
1683594395413956066,335,334.5,334,333.5,333,335.5,336,336.5,337,337.5
1683594395436693758,335,334.5,334,333.5,333,336,336.5,337,337.5,338
1683594395469377985,335,334.5,334,333.5,333,336,336.5,337,337.5,338
1683594395589489004,335,334.5,334,333.5,333,336,336.5,337,337.5,338
1683594395854587099,335,334.5,334,333.5,333,336,336.5,337,337.5,338
1683594396250860987,335,334.5,334,333.5,333,336,336.5,337,337.5,338
1683594397472372320,335.5,335,334.5,334,333.5,336,336.5,337,337.5,338
1683594397495053195,335.5,335,334.5,334,333.5,336,336.5,337,337.5,338
1683594397495053195,335.5,335,334.5,334,333.5,336,336.5,337,337.5,338
1683594397495202916,335.5,335,334.5,334,333.5,336,336.5,337,337.5,338
1683594397507478785,335.5,335,334.5,334,333.5,336,336.5,337,337.5,338
1683594397529889072,335.5,335,334.5,334,333.5,336,336.5,337,337.5,338
1683594397529889072,335.5,335,334.5,334,333.5,336,336.5,337,337.5,338
1683594398357949758,335.5,335,334.5,334,333.5,336,336.5,337,337.5,338
1683594398493110654,335.5,335,334.5,334,333.5,336,336.5,337,337.5,338
1683594398526103180,335.5,335,334.5,334,333.5,336,336.5,337,337.5,338
1683594400685693687,335.5,335,334.5,334,333.5,336,336.5,337,337.5,338
1683594401474418937,335.5,335,334.5,334,333.5,336,336.5,337,337.5,338
1683594401517209379,335.5,335,334.5,334,333.5,336.5,337,337.5,338,338.5
1683594401547923808,335.5,335,334.5,334,333.5,336.5,337,337.5,338,338.5
1683594401548139443,335.5,335,334.5,334,333.5,336.5,337,337.5,338,338.5
1683594401558282939,335.5,335,334.5,334,333.5,336.5,337,337.5,338,338.5
1683594403714384154,335.5,335,334.5,334,333.5,336.5,337,337.5,338,338.5
1683594405415759994,335.5,335,334.5,334,333.5,336.5,337,337.5,338,338.5
1683594409288864371,335.5,335,334.5,334,333.5,336.5,337,337.5,338,338.5
1683594410265286146,335.5,335,334.5,334,333.5,336,336.5,337,337.5,338
1683594410878441799,335.5,335,334.5,334,333.5,336.5,337,337.5,338,338.5
1683594410909377143,335.5,335,334.5,334,333.5,336.5,337,337.5,338,338.5
1683594411055899641,335.5,335,334.5,334,333.5,336,336.5,337,337.5,338
1683594411192032212,335.5,335,334.5,334,333.5,336,336.5,337,337.5,338
1683594411334712306,335.5,335,334.5,334,333.5,336,336.5,337,337.5,338
1683594411610506373,335.5,335,334.5,334,333.5,336,336.5,337,337.5,338
1683594415793909292,335.5,335,334.5,334,333.5,336.5,337,337.5,338,338.5
1683594417402553971,335.5,335,334.5,334,333.5,336,336.5,337,337.5,338
1683594419477873102,335.5,335,334.5,334,333.5,336,336.5,337,337.5,338
1683594419512437169,335.5,335,334.5,334,333.5,336,336.5,337,337.5,338
1683594419545755256,335,334.5,334,333.5,333,336,336.5,337,337.5,338
1683594419578875282,335,334.5,334,333.5,333,336,336.5,337,337.5,338
1683594419590863942,335,334.5,334,333.5,333,336,336.5,337,337.5,338
1683594419602055805,335,334.5,334,333.5,333,336,336.5,337,337.5,338
1683594419612411269,335,334.5,334,333.5,333,336,336.5,337,337.5,338
1683594420925373899,335,334.5,334,333.5,333,336,336.5,337,337.5,338
1683594421080728010,335.5,335,334.5,334,333.5,336,336.5,337,337.5,338
1683594421110550664,335.5,335,334.5,334,333.5,336,336.5,337,337.5,338
1683594421110550664,335.5,335,334.5,334,333.5,336,336.5,337,337.5,338
1683594421302184724,335,334.5,334,333.5,333,335.5,336,336.5,337,337.5
1683594421335750256,335,334.5,334,333.5,333,335.5,336,336.5,337,337.5
1683594421640008337,335,334.5,334,333.5,333,335.5,336,336.5,337,337.5
1683594421965656199,335,334.5,334,333.5,333,335.5,336,336.5,337,337.5
1683594422459170324,335,334.5,334,333.5,333,335.5,336,336.5,337,337.5
1683594423788825797,335,334.5,334,333.5,333,335.5,336,336.5,337,337.5
1683594424524561263,335,334.5,334,333.5,333,335.5,336,336.5,337,337.5
1683594424658778728,335,334.5,334,333.5,333,335.5,336,336.5,337,337.5
1683594428525633581,335,334.5,334,333.5,333,335.5,336,336.5,337,337.5
1683594430865056980,335,334.5,334,333.5,333,335.5,336,336.5,337,337.5
1683594432600194981,335,334.5,334,333.5,333,335.5,336,336.5,337,337.5
1683594433314606631,335,334.5,334,333.5,333,335.5,336,336.5,337,337.5
1683594434260988184,335,334.5,334,333.5,333,335.5,336,336.5,337,337.5
1683594435475258501,335,334.5,334,333.5,333,335.5,336,336.5,337,337.5
1683594437386332517,335,334.5,334,333.5,333,335.5,336,336.5,337,337.5
1683594437404573406,335,334.5,334,333.5,333,335.5,336,336.5,337,337.5
1683594438149660591,335,334.5,334,333.5,333,335.5,336,336.5,337,337.5
1683594439144311394,335,334.5,334,333.5,333,335.5,336,336.5,337,337.5
1683594441827193817,335,334.5,334,333.5,333,335.5,336,336.5,337,337.5
1683594443063673774,334.5,334,333.5,333,332.5,335.5,336,336.5,337,337.5
1683594443096025648,334,333.5,333,332.5,332,335.5,336,336.5,337,337.5
1683594443096198382,334,333.5,333,332.5,332,335.5,336,336.5,337,337.5
1683594443118756206,334,333.5,333,332.5,332,335.5,336,336.5,337,337.5
1683594443118756206,334,333.5,333,332.5,332,335.5,336,336.5,337,337.5
1683594443131022888,334,333.5,333,332.5,332,335.5,336,336.5,337,337.5
1683594443267660116,334,333.5,333,332.5,332,335.5,336,336.5,337,337.5
1683594444940984256,334,333.5,333,332.5,332,335.5,336,336.5,337,337.5
1683594446552059730,334,333.5,333,332.5,332,335.5,336,336.5,337,337.5
1683594447125476759,334,333.5,333,332.5,332,335.5,336,336.5,337,337.5
1683594447715398929,334,333.5,333,332.5,332,335.5,336,336.5,337,337.5
1683594448809018294,334,333.5,333,332.5,332,335.5,336,336.5,337,337.5
1683594449383435622,334,333.5,333,332.5,332,335.5,336,336.5,337,337.5
1683594450349025139,334,333.5,333,332.5,332,335.5,336,336.5,337,337.5
1683594450854691331,334,333.5,333,332.5,332,335.5,336,336.5,337,337.5
1683594450886810067,334,333.5,333,332.5,332,335.5,336,336.5,337,337.5
1683594458223886059,334,333.5,333,332.5,332,335.5,336,336.5,337,337.5
1683594458264736790,334,333.5,333,332.5,332,335.5,336,336.5,337,337.5
1683594458646579473,334,333.5,333,332.5,332,335,335.5,336,336.5,337
1683594458669572835,334,333.5,333,332.5,332,335,335.5,336,336.5,337
1683594458669572835,334,333.5,333,332.5,332,335.5,336,336.5,337,337.5
1683594458996864193,334,333.5,333,332.5,332,335.5,336,336.5,337,337.5
1683594459018341709,334,333.5,333,332.5,332,335.5,336,336.5,337,337.5
1683594460398846155,334,333.5,333,332.5,332,335.5,336,336.5,337,337.5
1683594460560832207,334,333.5,333,332.5,332,335.5,336,336.5,337,337.5
1683594460875822168,334,333.5,333,332.5,332,335.5,336,336.5,337,337.5
1683594460907870422,334,333.5,333,332.5,332,336,336.5,337,337.5,338
1683594460941706692,334,333.5,333,332.5,332,336,336.5,337,337.5,338
1683594460941706692,334.5,334,333.5,333,332.5,336,336.5,337,337.5,338
1683594460963358555,334.5,334,333.5,333,332.5,336,336.5,337,337.5,338
1683594460963358555,334.5,334,333.5,333,332.5,336,336.5,337,337.5,338
1683594460963467520,334.5,334,333.5,333,332.5,336,336.5,337,337.5,338
1683594460963467520,334.5,334,333.5,333,332.5,336,336.5,337,337.5,338
1683594460973326721,334.5,334,333.5,333,332.5,336,336.5,337,337.5,338
1683594460983396959,334.5,334,333.5,333,332.5,336,336.5,337,337.5,338
1683594463110379943,334.5,334,333.5,333,332.5,336,336.5,337,337.5,338
1683594464513451822,334.5,334,333.5,333,332.5,336,336.5,337,337.5,338
1683594464615088503,334.5,334,333.5,333,332.5,336,336.5,337,337.5,338
1683594465336561240,334.5,334,333.5,333,332.5,336,336.5,337,337.5,338
1683594465617000359,334.5,334,333.5,333,332.5,336,336.5,337,337.5,338
1683594465974465501,335,334.5,334,333.5,333,336,336.5,337,337.5,338
1683594465995112998,335,334.5,334,333.5,333,336,336.5,337,337.5,338
1683594466007251139,335,334.5,334,333.5,333,336,336.5,337,337.5,338
1683594466017489562,335,334.5,334,333.5,333,336,336.5,337,337.5,338
1683594468216062031,335,334.5,334,333.5,333,336,336.5,337,337.5,338
1683594469158195308,335,334.5,334,333.5,333,335.5,336,336.5,337,337.5
1683594472531258174,335,334.5,334,333.5,333,335.5,336,336.5,337,337.5
1683594472625478681,335,334.5,334,333.5,333,335.5,336,336.5,337,337.5
1683594472956613816,335,334.5,334,333.5,333,335.5,336,336.5,337,337.5
1683594473381571110,335,334.5,334,333.5,333,335.5,336,336.5,337,337.5
1683594475617543712,335,334.5,334,333.5,333,335.5,336,336.5,337,337.5
1683594475952142540,335,334.5,334,333.5,333,335.5,336,336.5,337,337.5
1683594476335986790,335,334.5,334,333.5,333,335.5,336,336.5,337,337.5
1683594478109035863,335,334.5,334,333.5,333,335.5,336,336.5,337,337.5
1683594478282245379,335,334.5,334,333.5,333,336,336.5,337,337.5,338
1683594479143473289,335,334.5,334,333.5,333,335.5,336,336.5,337,337.5
1683594481205635396,335,334.5,334,333.5,333,335.5,336,336.5,337,337.5
1683594483079976763,335,334.5,334,333.5,333,335.5,336,336.5,337,337.5
1683594483114335194,335,334.5,334,333.5,333,335.5,336,336.5,337,337.5
1683594484550556924,335,334.5,334,333.5,333,335.5,336,336.5,337,337.5
1683594484693565095,335,334.5,334,333.5,333,335.5,336,336.5,337,337.5
1683594484988278735,335,334.5,334,333.5,333,335.5,336,336.5,337,337.5
1683594489176521833,335,334.5,334,333.5,333,335.5,336,336.5,337,337.5
1683594489231791206,335,334.5,334,333.5,333,335.5,336,336.5,337,337.5
1683594489765330141,335,334.5,334,333.5,333,335.5,336,336.5,337,337.5
1683594490226194384,335,334.5,334,333.5,333,335.5,336,336.5,337,337.5
1683594491803411695,335,334.5,334,333.5,333,335.5,336,336.5,337,337.5
1683594492120527768,334.5,334,333.5,333,332.5,335.5,336,336.5,337,337.5
1683594492143305335,334.5,334,333.5,333,332.5,335.5,336,336.5,337,337.5
1683594492153462285,334.5,334,333.5,333,332.5,335.5,336,336.5,337,337.5
1683594492176898900,334.5,334,333.5,333,332.5,335.5,336,336.5,337,337.5
1683594492998550752,334.5,334,333.5,333,332.5,335,335.5,336,336.5,337
1683594493019097109,334.5,334,333.5,333,332.5,335,335.5,336,336.5,337
1683594493050358245,334.5,334,333.5,333,332.5,335,335.5,336,336.5,337
1683594493638169702,334.5,334,333.5,333,332.5,335,335.5,336,336.5,337
1683594494205467001,334.5,334,333.5,333,332.5,335,335.5,336,336.5,337
1683594494240227086,334.5,334,333.5,333,332.5,335,335.5,336,336.5,337
1683594496818836017,334.5,334,333.5,333,332.5,335,335.5,336,336.5,337
1683594498240494163,334.5,334,333.5,333,332.5,335,335.5,336,336.5,337
1683594498272876814,334,333.5,333,332.5,332,335,335.5,336,336.5,337
1683594498272876814,334,333.5,333,332.5,332,335,335.5,336,336.5,337
1683594498307665343,334,333.5,333,332.5,332,335,335.5,336,336.5,337
1683594498318111877,334,333.5,333,332.5,332,335,335.5,336,336.5,337
1683594498318111877,334,333.5,333,332.5,332,335,335.5,336,336.5,337
1683594498344178650,334,333.5,333,332.5,332,335,335.5,336,336.5,337
1683594498374474082,334,333.5,333,332.5,332,334.5,335,335.5,336,336.5
1683594500195392063,334,333.5,333,332.5,332,334.5,335,335.5,336,336.5
1683594501666924161,334,333.5,333,332.5,332,334.5,335,335.5,336,336.5
1683594505579516271,334,333.5,333,332.5,332,334.5,335,335.5,336,336.5
1683594505644631280,334,333.5,333,332.5,332,334.5,335,335.5,336,336.5
1683594505656976248,334,333.5,333,332.5,332,334.5,335,335.5,336,336.5
1683594505690640897,333.5,333,332.5,332,331.5,334.5,335,335.5,336,336.5
1683594505724794202,333.5,333,332.5,332,331.5,334.5,335,335.5,336,336.5
1683594505734944120,333.5,333,332.5,332,331.5,334.5,335,335.5,336,336.5
1683594505758471013,333.5,333,332.5,332,331.5,334.5,335,335.5,336,336.5
1683594505780938298,333.5,333,332.5,332,331.5,334.5,335,335.5,336,336.5
1683594505814264681,333,332.5,332,331.5,331,334.5,335,335.5,336,336.5
1683594505836647687,333,332.5,332,331.5,331,334.5,335,335.5,336,336.5
1683594505856610248,333,332.5,332,331.5,331,334.5,335,335.5,336,336.5
1683594507664233407,333,332.5,332,331.5,331,334.5,335,335.5,336,336.5
1683594508322527531,333,332.5,332,331.5,331,334,334.5,335,335.5,336
1683594508353407090,333,332.5,332,331.5,331,334,334.5,335,335.5,336
1683594512923588290,333,332.5,332,331.5,331,334,334.5,335,335.5,336
1683594512943760735,333,332.5,332,331.5,331,334,334.5,335,335.5,336
1683594512954486764,333,332.5,332,331.5,331,334,334.5,335,335.5,336
1683594513970861686,333,332.5,332,331.5,331,334,334.5,335,335.5,336
1683594514065180578,333,332.5,332,331.5,331,334,334.5,335,335.5,336
1683594514602850119,333,332.5,332,331.5,331,333.5,334,334.5,335,335.5
1683594514644712128,333,332.5,332,331.5,331,333.5,334,334.5,335,335.5
1683594514699056685,333,332.5,332,331.5,331,333.5,334,334.5,335,335.5
1683594516800296023,333,332.5,332,331.5,331,333.5,334,334.5,335,335.5
1683594517427119218,333,332.5,332,331.5,331,333.5,334,334.5,335,335.5
1683594519763625560,333,332.5,332,331.5,331,334,334.5,335,335.5,336
1683594519818455398,333,332.5,332,331.5,331,334,334.5,335,335.5,336
1683594521109279321,333,332.5,332,331.5,331,333.5,334,334.5,335,335.5
1683594521153871527,333,332.5,332,331.5,331,333.5,334,334.5,335,335.5
1683594521523981000,333,332.5,332,331.5,331,333.5,334,334.5,335,335.5
1683594522683612328,333,332.5,332,331.5,331,333.5,334,334.5,335,335.5
1683594522715968910,333,332.5,332,331.5,331,334,334.5,335,335.5,336
1683594524560627756,333,332.5,332,331.5,331,334,334.5,335,335.5,336
1683594524644195572,333,332.5,332,331.5,331,333.5,334,334.5,335,335.5
1683594525681235514,333,332.5,332,331.5,331,334,334.5,335,335.5,336
1683594526297831566,333.5,333,332.5,332,331.5,334,334.5,335,335.5,336
1683594526322541882,333.5,333,332.5,332,331.5,334,334.5,335,335.5,336
1683594526365843825,333.5,333,332.5,332,331.5,334,334.5,335,335.5,336
1683594528495916361,333.5,333,332.5,332,331.5,334,334.5,335,335.5,336
1683594529184650548,333.5,333,332.5,332,331.5,334,334.5,335,335.5,336
1683594530275227150,333.5,333,332.5,332,331.5,334,334.5,335,335.5,336
1683594531216381138,333.5,333,332.5,332,331.5,334,334.5,335,335.5,336
1683594531820435452,333.5,333,332.5,332,331.5,334,334.5,335,335.5,336
1683594532015001036,333.5,333,332.5,332,331.5,334,334.5,335,335.5,336
1683594532349471503,333.5,333,332.5,332,331.5,334,334.5,335,335.5,336
1683594534063588827,333.5,333,332.5,332,331.5,334,334.5,335,335.5,336
1683594534214866764,333.5,333,332.5,332,331.5,334,334.5,335,335.5,336
1683594535288798073,333.5,333,332.5,332,331.5,334,334.5,335,335.5,336
1683594537341930035,333.5,333,332.5,332,331.5,334,334.5,335,335.5,336
1683594537803745584,333.5,333,332.5,332,331.5,334,334.5,335,335.5,336
1683594539901052629,333.5,333,332.5,332,331.5,334,334.5,335,335.5,336
1683594540270642356,333.5,333,332.5,332,331.5,334,334.5,335,335.5,336
1683594540869915984,333.5,333,332.5,332,331.5,334,334.5,335,335.5,336
1683594541370435262,333.5,333,332.5,332,331.5,334,334.5,335,335.5,336
1683594542108696481,333,332.5,332,331.5,331,334,334.5,335,335.5,336
1683594542131370444,333,332.5,332,331.5,331,334,334.5,335,335.5,336
1683594542154551688,333,332.5,332,331.5,331,334,334.5,335,335.5,336
1683594542165988502,333,332.5,332,331.5,331,334,334.5,335,335.5,336
1683594543242920585,334,333,332.5,332,331.5,334.5,335,335.5,336,336.5
1683594543272993459,334,333,332.5,332,331.5,334.5,335,335.5,336,336.5
1683594544593263240,334,333,332.5,332,331.5,334.5,335,335.5,336,336.5
1683594545618078670,334,333,332.5,332,331.5,334.5,335,335.5,336,336.5
1683594546427524945,334,333,332.5,332,331.5,334.5,335,335.5,336,336.5
1683594547066771906,334,333.5,333,332.5,332,334.5,335,335.5,336,336.5
1683594549549115501,334,333.5,333,332.5,332,334.5,335,335.5,336,336.5
1683594552665919009,334,333.5,333,332.5,332,334.5,335,335.5,336,336.5
1683594552685658261,334,333.5,333,332.5,332,334.5,335,335.5,336,336.5
1683594553438502060,334,333.5,333,332.5,332,334.5,335,335.5,336,336.5
1683594553507968099,334,333.5,333,332.5,332,334.5,335,335.5,336,336.5
1683594555952218861,333.5,333,332.5,332,331.5,334,334.5,335,335.5,336
1683594555984989150,333.5,333,332.5,332,331.5,334.5,335,335.5,336,336.5
1683594556017776972,333.5,333,332.5,332,331.5,334.5,335,335.5,336,336.5
1683594556017776972,333.5,333,332.5,332,331.5,334.5,335,335.5,336,336.5
1683594556017776972,333.5,333,332.5,332,331.5,334.5,335,335.5,336,336.5
1683594556052524624,334.5,333.5,333,332.5,332,335,335.5,336,336.5,337
1683594556087483883,334.5,333.5,333,332.5,332,335,335.5,336,336.5,337
1683594556107889486,334.5,333.5,333,332.5,332,335,335.5,336,336.5,337
1683594556191846252,334.5,334,333.5,333,332.5,335,335.5,336,336.5,337
1683594557523084166,334.5,334,333.5,333,332.5,335,335.5,336,336.5,337
1683594558536003590,334.5,334,333.5,333,332.5,335,335.5,336,336.5,337
1683594558658763322,334.5,334,333.5,333,332.5,335,335.5,336,336.5,337
1683594559260109201,334.5,334,333.5,333,332.5,335,335.5,336,336.5,337
1683594561037672911,334.5,334,333.5,333,332.5,335,335.5,336,336.5,337
1683594561133749944,334.5,334,333.5,333,332.5,335,335.5,336,336.5,337
1683594561144315682,334.5,334,333.5,333,332.5,335,335.5,336,336.5,337
1683594562342052346,334.5,334,333.5,333,332.5,335,335.5,336,336.5,337
1683594562414765822,334.5,334,333.5,333,332.5,335,335.5,336,336.5,337
1683594562713849657,334.5,334,333.5,333,332.5,335,335.5,336,336.5,337
1683594563602625812,334.5,334,333.5,333,332.5,335,335.5,336,336.5,337
1683594564674236393,334.5,334,333.5,333,332.5,335,335.5,336,336.5,337
1683594565805084949,334.5,334,333.5,333,332.5,335,335.5,336,336.5,337
1683594566137312285,334,333.5,333,332.5,332,335,335.5,336,336.5,337
1683594566182127309,334,333.5,333,332.5,332,335,335.5,336,336.5,337
1683594566204930293,334,333.5,333,332.5,332,335,335.5,336,336.5,337
1683594567792954436,334,333.5,333,332.5,332,334.5,335,335.5,336,336.5
1683594567825693867,334,333.5,333,332.5,332,335,335.5,336,336.5,337
1683594569997420582,334,333.5,333,332.5,332,335,335.5,336,336.5,337
1683594571875943551,334,333.5,333,332.5,332,335,335.5,336,336.5,337
1683594571929229420,334,333.5,333,332.5,332,335,335.5,336,336.5,337
1683594576000413881,334,333.5,333,332.5,332,335,335.5,336,336.5,337
1683594580192691024,334,333.5,333,332.5,332,335,335.5,336,336.5,337
1683594580235636948,334.5,334,333.5,333,332.5,335,335.5,336,336.5,337
1683594580256223862,334.5,334,333.5,333,332.5,335,335.5,336,336.5,337
1683594581146958994,334.5,334,333.5,333,332.5,335,335.5,336,336.5,337
1683594581678680147,334.5,334,333.5,333,332.5,335,335.5,336,336.5,337
1683594581711343034,334.5,334,333.5,333,332.5,335.5,336,336.5,337,337.5
1683594581744051848,334.5,334,333.5,333,332.5,335.5,336,336.5,337,337.5
1683594581744051848,334.5,334,333.5,333,332.5,335.5,336,336.5,337,337.5
1683594581744087044,334.5,334,333.5,333,332.5,335.5,336,336.5,337,337.5
1683594583036312499,334.5,334,333.5,333,332.5,336,336.5,337,337.5,338
1683594583359013889,335,334.5,334,333.5,333,336,336.5,337,337.5,338
1683594583391734214,335,334.5,334,333.5,333,336,336.5,337,337.5,338
1683594583391734214,335,334.5,334,333.5,333,336,336.5,337,337.5,338
1683594583391734214,335,334.5,334,333.5,333,336,336.5,337,337.5,338
1683594583414702419,335,334.5,334,333.5,333,336,336.5,337,337.5,338
1683594583811560795,335,334.5,334,333.5,333,336,336.5,337,337.5,338
1683594585395652434,335,334.5,334,333.5,333,336,336.5,337,337.5,338
1683594586641935879,335,334.5,334,333.5,333,335.5,336,336.5,337,337.5
1683594588533230438,335,334.5,334,333.5,333,335.5,336,336.5,337,337.5
1683594589902419118,335,334.5,334,333.5,333,335.5,336,336.5,337,337.5
1683594590071296270,335,334.5,334,333.5,333,336,336.5,337,337.5,338
1683594590101923716,335,334.5,334,333.5,333,336,336.5,337,337.5,338
1683594591496735275,335,334.5,334,333.5,333,336,336.5,337,337.5,338
1683594594591284579,335,334.5,334,333.5,333,336,336.5,337,337.5,338
1683594595447756389,335,334.5,334,333.5,333,336,336.5,337,337.5,338
1683594597776552826,335,334.5,334,333.5,333,335.5,336,336.5,337,337.5
1683594597808823407,335,334.5,334,333.5,333,335.5,336,336.5,337,337.5
1683594599176828975,335,334.5,334,333.5,333,335.5,336,336.5,337,337.5
1683594600262344224,335,334.5,334,333.5,333,335.5,336,336.5,337,337.5
1683594600752938818,335,334.5,334,333.5,333,335.5,336,336.5,337,337.5
1683594600965776980,335,334.5,334,333.5,333,335.5,336,336.5,337,337.5
1683594602795067151,335,334.5,334,333.5,333,336,336.5,337,337.5,338
1683594602827518862,335,334.5,334,333.5,333,336,336.5,337,337.5,338
1683594603458171396,335.5,335,334.5,334,333.5,336,336.5,337,337.5,338
1683594603478821799,335.5,335,334.5,334,333.5,336,336.5,337,337.5,338
1683594603478933960,335,334.5,334,333.5,333,336,336.5,337,337.5,338
1683594603488947922,335,334.5,334,333.5,333,336,336.5,337,337.5,338
1683594603501318599,335,334.5,334,333.5,333,336,336.5,337,337.5,338
1683594603501318599,334.5,334,333.5,333,332.5,336,336.5,337,337.5,338
1683594603513481776,334.5,334,333.5,333,332.5,336,336.5,337,337.5,338
1683594603523660578,334.5,334,333.5,333,332.5,336,336.5,337,337.5,338
1683594603523660578,334.5,334,333.5,333,332.5,336,336.5,337,337.5,338
1683594603533957531,334.5,334,333.5,333,332.5,336,336.5,337,337.5,338
1683594603533957531,334.5,334,333.5,333,332.5,336,336.5,337,337.5,338
1683594603533957531,334.5,334,333.5,333,332.5,336,336.5,337,337.5,338
1683594603534066075,334.5,334,333.5,333,332.5,336,336.5,337,337.5,338
1683594603534066075,334.5,334,333.5,333,332.5,336,336.5,337,337.5,338
1683594603556775474,334.5,334,333.5,333,332.5,336,336.5,337,337.5,338
1683594603556775474,334.5,334,333.5,333,332.5,336,336.5,337,337.5,338
1683594605870630437,334.5,334,333.5,333,332.5,336,336.5,337,337.5,338
1683594605899950969,334.5,334,333.5,333,332.5,335.5,336,336.5,337,337.5
1683594605920344169,334.5,334,333.5,333,332.5,335.5,336,336.5,337,337.5
1683594608813714803,334.5,334,333.5,333,332.5,335.5,336,336.5,337,337.5
1683594608969770070,334.5,334,333.5,333,332.5,335.5,336,336.5,337,337.5
1683594609334756995,0,0,0,0,0,0,0,0,0,0
1683594609334756995,334.5,334,333.5,333,332.5,336,336.5,337,337.5,338
1683594609355558651,334.5,334,333.5,333,332.5,336,336.5,337,337.5,338
1683594609365763812,334.5,334,333.5,333,332.5,336,336.5,337,337.5,338
1683594609375994812,334.5,334,333.5,333,332.5,336,336.5,337,337.5,338
1683594612245199051,334.5,334,333.5,333,332.5,336,336.5,337,337.5,338
1683594613572290190,334.5,334,333.5,333,332.5,336,336.5,337,337.5,338
1683594614769398404,334.5,334,333.5,333,332.5,336,336.5,337,337.5,338
1683594615563058370,334.5,334,333.5,333,332.5,336,336.5,337,337.5,338
1683594615585736670,334.5,334,333.5,333,332.5,336,336.5,337,337.5,338
1683594616278825935,334.5,334,333.5,333,332.5,336,336.5,337,337.5,338
1683594616519355711,334.5,334,333.5,333,332.5,336,336.5,337,337.5,338
1683594616817304325,334.5,334,333.5,333,332.5,336,336.5,337,337.5,338
1683594617487357628,334.5,334,333.5,333,332.5,336,336.5,337,337.5,338
1683594618526972024,334.5,334,333.5,333,332.5,336,336.5,337,337.5,338
1683594618726269793,334.5,334,333.5,333,332.5,336,336.5,337,337.5,338
1683594618748753999,334.5,334,333.5,333,332.5,336,336.5,337,337.5,338
1683594619946787140,334.5,334,333.5,333,332.5,336,336.5,337,337.5,338
1683594620649384628,334.5,334,333.5,333,332.5,336,336.5,337,337.5,338
1683594620669897683,334.5,334,333.5,333,332.5,336,336.5,337,337.5,338
1683594621920098683,334.5,334,333.5,333,332.5,336,336.5,337,337.5,338
1683594621951040409,334.5,334,333.5,333,332.5,336,336.5,337,337.5,338
1683594622546849081,335,334.5,334,333.5,333,336,336.5,337,337.5,338
1683594622569363845,335,334.5,334,333.5,333,336,336.5,337,337.5,338
1683594622591787648,335,334.5,334,333.5,333,336,336.5,337,337.5,338
1683594629588057670,335,334.5,334,333.5,333,336,336.5,337,337.5,338
1683594630427744205,335,334.5,334,333.5,333,336,336.5,337,337.5,338
1683594634321849014,335,334.5,334,333.5,333,336,336.5,337,337.5,338
1683594635303970612,335,334.5,334,333.5,333,336,336.5,337,337.5,338
1683594635620537995,335,334.5,334,333.5,333,336,336.5,337,337.5,338
1683594638473305964,335,334.5,334,333.5,333,336,336.5,337,337.5,338
1683594639602553033,335,334.5,334,333.5,333,336,336.5,337,337.5,338
1683594639635555127,335,334.5,334,333.5,333,336,336.5,337,337.5,338
1683594639791055182,336,335,334.5,334,333.5,336.5,337,337.5,338,338.5
1683594639811642176,335,334.5,334,333.5,333,336.5,337,337.5,338,338.5
1683594639811642176,335,334.5,334,333.5,333,336.5,337,337.5,338,338.5
1683594639811642176,335,334.5,334,333.5,333,336.5,337,337.5,338,338.5
1683594639832129693,335,334.5,334,333.5,333,336.5,337,337.5,338,338.5
1683594639832129693,335,334.5,334,333.5,333,336.5,337,337.5,338,338.5
1683594639832154009,335,334.5,334,333.5,333,336.5,337,337.5,338,338.5
1683594639885364386,335,334.5,334,333.5,333,336.5,337,337.5,338,338.5
1683594640908401637,335,334.5,334,333.5,333,336,336.5,337,337.5,338
1683594640928997458,335,334.5,334,333.5,333,336,336.5,337,337.5,338
1683594641346849381,335,334.5,334,333.5,333,336,336.5,337,337.5,338
1683594645343369183,335,334.5,334,333.5,333,336,336.5,337,337.5,338
1683594645991180946,335,334.5,334,333.5,333,336,336.5,337,337.5,338
1683594648028335901,335,334.5,334,333.5,333,336,336.5,337,337.5,338
1683594649607579878,335,334.5,334,333.5,333,336,336.5,337,337.5,338
1683594651631832628,335,334.5,334,333.5,333,336,336.5,337,337.5,338
1683594652294438628,335,334.5,334,333.5,333,336,336.5,337,337.5,338
1683594653843624459,335.5,335,334.5,334,333.5,336,336.5,337,337.5,338
1683594653864210090,335.5,335,334.5,334,333.5,336,336.5,337,337.5,338
1683594653898998158,335.5,335,334.5,334,333.5,336,336.5,337,337.5,338
1683594654484852891,335.5,335,334.5,334,333.5,336,336.5,337,337.5,338
1683594656351540699,335.5,335,334.5,334,333.5,336,336.5,337,337.5,338
1683594657709598620,335.5,335,334.5,334,333.5,336,336.5,337,337.5,338
1683594659519948058,335.5,335,334.5,334,333.5,336,336.5,337,337.5,338
1683594666168827807,335,334.5,334,333.5,333,336,336.5,337,337.5,338
1683594666191201375,335,334.5,334,333.5,333,336,336.5,337,337.5,338
1683594666213706821,335,334.5,334,333.5,333,336,336.5,337,337.5,338
1683594666610881160,335,334.5,334,333.5,333,336,336.5,337,337.5,338
1683594667874618527,335,334.5,334,333.5,333,336,336.5,337,337.5,338
1683594669982016890,335,334.5,334,333.5,333,336,336.5,337,337.5,338
1683594672058092732,335,334.5,334,333.5,333,336,336.5,337,337.5,338
1683594673245576015,335,334.5,334,333.5,333,336,336.5,337,337.5,338
1683594673245576015,335,334.5,334,333.5,333,336,336.5,337,337.5,338
1683594679283460557,335,334.5,334,333.5,333,336,336.5,337,337.5,338
1683594679316004691,335,334.5,334,333.5,333,336,336.5,337,337.5,338
1683594687231968069,335,334.5,334,333.5,333,336,336.5,337,337.5,338
1683594687368738207,335,334.5,334,333.5,333,336,336.5,337,337.5,338
1683594688744753646,335.5,335,334.5,334,333.5,336,336.5,337,337.5,338
1683594688775958576,335.5,335,334.5,334,333.5,336,336.5,337,337.5,338
1683594690042567113,335.5,335,334.5,334,333.5,336,336.5,337,337.5,338
1683594693569112989,335.5,335,334.5,334,333.5,336,336.5,337,337.5,338
1683594694368830879,335.5,335,334.5,334,333.5,336,336.5,337,337.5,338
1683594700196976408,335.5,335,334.5,334,333.5,336,336.5,337,337.5,338
1683594700219228347,335.5,335,334.5,334,333.5,336,336.5,337,337.5,338
1683594700777113155,335.5,335,334.5,334,333.5,336,336.5,337,337.5,338
1683594701410093480,335.5,335,334.5,334,333.5,336,336.5,337,337.5,338
1683594706070423184,335.5,335,334.5,334,333.5,336,336.5,337,337.5,338
1683594710836729137,335.5,335,334.5,334,333.5,336,336.5,337,337.5,338
1683594713546590457,335.5,335,334.5,334,333.5,336,336.5,337,337.5,338
1683594723044326110,335.5,335,334.5,334,333.5,336,336.5,337,337.5,338
1683594723987489111,335.5,335,334.5,334,333.5,336,336.5,337,337.5,338
1683594736622325603,335.5,335,334.5,334,333.5,336,336.5,337,337.5,338
1683594753502937439,335.5,335,334.5,334,333.5,336,336.5,337,337.5,338
1683594755666147704,335.5,335,334.5,334,333.5,336,336.5,337,337.5,338
1683594756318527003,335.5,335,334.5,334,333.5,336,336.5,337,337.5,338
1683594756867260227,335.5,335,334.5,334,333.5,336,336.5,337,337.5,338
1683594762329463399,335.5,335,334.5,334,333.5,336,336.5,337,337.5,338
1683594767120873367,335.5,335,334.5,334,333.5,336,336.5,337,337.5,338
1683594774950600571,335.5,335,334.5,334,333.5,336,336.5,337,337.5,338
1683594775523805082,335.5,335,334.5,334,333.5,336,336.5,337,337.5,338
1683594781030153170,335,334.5,334,333.5,333,336,336.5,337,337.5,338
1683594782990990232,335,334.5,334,333.5,333,336,336.5,337,337.5,338
1683594783022551701,335,334.5,334,333.5,333,336,336.5,337,337.5,338
1683594784097938934,335,334.5,334,333.5,333,335.5,336,336.5,337,337.5
1683594784130803510,335,334.5,334,333.5,333,335.5,336,336.5,337,337.5
1683594784130896665,335,334.5,334,333.5,333,336,336.5,337,337.5,338
1683594787503199367,335,334.5,334,333.5,333,336,336.5,337,337.5,338
1683594802247702845,335,334.5,334,333.5,333,335.5,336,336.5,337,337.5
1683594802278536207,335,334.5,334,333.5,333,336,336.5,337,337.5,338
1683594802278536207,335,334.5,334,333.5,333,336,336.5,337,337.5,338
1683594802309212966,335,334.5,334,333.5,333,336.5,337,337.5,338,338.5
1683594802309212966,335,334.5,334,333.5,333,336.5,337,337.5,338,338.5
1683594807084867753,335.5,335,334.5,334,333.5,336.5,337,337.5,338,338.5
1683594807105335834,335.5,335,334.5,334,333.5,336.5,337,337.5,338,338.5
1683594807105389725,335.5,335,334.5,334,333.5,336.5,337,337.5,338,338.5
1683594807115731713,335.5,335,334.5,334,333.5,336.5,337,337.5,338,338.5
1683594807125669873,335.5,335,334.5,334,333.5,336.5,337,337.5,338,338.5
1683594808172563877,335.5,335,334.5,334,333.5,336.5,337,337.5,338,338.5
1683594809237235772,336,335.5,335,334.5,334,336.5,337,337.5,338,338.5
1683594809268132082,336,335.5,335,334.5,334,336.5,337,337.5,338,338.5
1683594809268132082,336,335.5,335,334.5,334,336.5,337,337.5,338,338.5
1683594809268132082,336,335.5,335,334.5,334,336.5,337,337.5,338,338.5
1683594809299404078,336,335.5,335,334.5,334,336.5,337,337.5,338,338.5
1683594809299404078,336,335.5,335,334.5,334,337,337.5,338,338.5,339
1683594809331523695,336.5,336,335.5,335,334.5,337,337.5,338,338.5,339
1683594809362512630,336.5,336,335.5,335,334.5,337,337.5,338,338.5,339
1683594809362512630,336.5,336,335.5,335,334.5,337,337.5,338,338.5,339
1683594809362512630,336.5,336,335.5,335,334.5,337,337.5,338,338.5,339
1683594809362526947,336.5,336,335.5,335,334.5,337,337.5,338,338.5,339
1683594811603820070,336.5,336,335.5,335,334.5,337,337.5,338,338.5,339
1683594811632591160,336.5,335.5,335,334.5,334,337,337.5,338,338.5,339
1683594811632635172,336.5,335.5,335,334.5,334,337,337.5,338,338.5,339
1683594811655107747,335.5,335,334.5,334,333.5,337,337.5,338,338.5,339
1683594811685908558,335.5,335,334.5,334,333.5,337,337.5,338,338.5,339
1683594811695995477,335.5,335,334.5,334,333.5,337,337.5,338,338.5,339
1683594812509254662,335.5,335,334.5,334,333.5,337,337.5,338,338.5,339
1683594813265896483,335.5,335,334.5,334,333.5,337,337.5,338,338.5,339
1683594814084001416,335.5,335,334.5,334,333.5,337,337.5,338,338.5,339
1683594816059299690,335.5,335,334.5,334,333.5,337,337.5,338,338.5,339
1683594816819164943,335.5,335,334.5,334,333.5,337,337.5,338,338.5,339
1683594817985629482,335.5,335,334.5,334,333.5,337,337.5,338,338.5,339
1683594818230241302,336,335.5,335,334.5,334,337,337.5,338,338.5,339
1683594818263765597,336,335.5,335,334.5,334,337,337.5,338,338.5,339
1683594818263765597,336,335.5,335,334.5,334,337,337.5,338,338.5,339
1683594818263799841,336,335.5,335,334.5,334,337,337.5,338,338.5,339
1683594818284693892,336,335.5,335,334.5,334,337,337.5,338,338.5,339
1683594818713959125,336,335.5,335,334.5,334,337,337.5,338,338.5,339
1683594819471007839,336,335.5,335,334.5,334,337,337.5,338,338.5,339
1683594819511960401,336,335.5,335,334.5,334,337,337.5,338,338.5,339
1683594822300787768,336,335.5,335,334.5,334,337,337.5,338,338.5,339
1683594823051161219,336,335.5,335,334.5,334,337,337.5,338,338.5,339
1683594824946593658,336,335.5,335,334.5,334,337,337.5,338,338.5,339
1683594825029603366,336,335.5,335,334.5,334,337,337.5,338,338.5,339
1683594825702254688,336,335.5,335,334.5,334,337,337.5,338,338.5,339
1683594826781263551,336,335.5,335,334.5,334,336.5,337,337.5,338,338.5
1683594828150892689,336,335.5,335,334.5,334,336.5,337,337.5,338,338.5
1683594829320275116,336,335.5,335,334.5,334,336.5,337,337.5,338,338.5
1683594829415065013,336,335.5,335,334.5,334,337,337.5,338,338.5,339
1683594829646988579,336,335.5,335,334.5,334,337,337.5,338,338.5,339
1683594829891960776,336.5,336,335.5,335,334.5,337,337.5,338,338.5,339
1683594829912128412,336.5,336,335.5,335,334.5,337,337.5,338,338.5,339
1683594830963716360,336.5,336,335.5,335,334.5,337,337.5,338,338.5,339
1683594831395969173,336,335.5,335,334.5,334,337,337.5,338,338.5,339
1683594831429081153,336,335.5,335,334.5,334,337,337.5,338,338.5,339
1683594831449235976,336,335.5,335,334.5,334,337,337.5,338,338.5,339
1683594831922298151,336,335.5,335,334.5,334,337,337.5,338,338.5,339
1683594834368664647,336.5,336,335.5,335,334.5,337,337.5,338,338.5,339
1683594834378956541,336.5,336,335.5,335,334.5,337,337.5,338,338.5,339
1683594834389174386,336.5,336,335.5,335,334.5,337,337.5,338,338.5,339
1683594834791642435,336.5,336,335.5,335,334.5,337,337.5,338,338.5,339
1683594835335762788,336.5,336,335.5,335,334.5,337,337.5,338,338.5,339
1683594835612898525,336.5,336,335.5,335,334.5,337,337.5,338,338.5,339
1683594836092032601,336.5,336,335.5,335,334.5,337,337.5,338,338.5,339
1683594836135421317,336.5,336,335.5,335,334.5,337,337.5,338,338.5,339
1683594839321961784,336.5,336,335.5,335,334.5,337,337.5,338,338.5,339
1683594841123994187,336.5,336,335.5,335,334.5,337,337.5,338,338.5,339
1683594845869409097,336.5,336,335.5,335,334.5,337,337.5,338,338.5,339
1683594847577370723,336.5,336,335.5,335,334.5,337,337.5,338,338.5,339
1683594848248314629,336.5,336,335.5,335,334.5,337,337.5,338,338.5,339
1683594848281572924,336.5,336,335.5,335,334.5,337,337.5,338,338.5,339
1683594848552692044,336.5,336,335.5,335,334.5,337,337.5,338,338.5,339
1683594849082649756,336.5,336,335.5,335,334.5,337,337.5,338,338.5,339
1683594849155339347,336.5,336,335.5,335,334.5,337,337.5,338,338.5,339
1683594849502156897,336.5,336,335.5,335,334.5,337,337.5,338,338.5,339
1683594850444562636,336.5,336,335.5,335,334.5,337,337.5,338,338.5,339
1683594851506486451,336.5,336,335.5,335,334.5,337,337.5,338,338.5,339
1683594851594543355,336.5,336,335.5,335,334.5,337,337.5,338,338.5,339
1683594857439402638,336.5,336,335.5,335,334.5,337,337.5,338,338.5,339
1683594859247973838,336.5,336,335.5,335,334.5,337,337.5,338,338.5,339
1683594864629516854,336.5,336,335.5,335,334.5,337,337.5,338,338.5,339
1683594866442794711,336.5,336,335.5,335,334.5,337,337.5,338,338.5,339
1683594867741155146,336.5,336,335.5,335,334.5,337,337.5,338,338.5,339
1683594867772881004,336.5,336,335.5,335,334.5,337,337.5,338,338.5,339
1683594870316704875,336.5,336,335.5,335,334.5,337,337.5,338,338.5,339
1683594872880799877,336.5,336,335.5,335,334.5,337,337.5,338,338.5,339
1683594873252681597,336.5,336,335.5,335,334.5,337,337.5,338,338.5,339
1683594876404258718,336.5,336,335.5,335,334.5,337,337.5,338,338.5,339
1683594880670667232,336,335.5,335,334.5,334,337,337.5,338,338.5,339
1683594880690927322,336,335.5,335,334.5,334,337,337.5,338,338.5,339
1683594880711410381,336,335.5,335,334.5,334,337,337.5,338,338.5,339
1683594881785449593,336,335.5,335,334.5,334,336.5,337,337.5,338,338.5
1683594881816251166,336,335.5,335,334.5,334,336.5,337,337.5,338,338.5
1683594888360761264,336,335.5,335,334.5,334,336.5,337,337.5,338,338.5
1683594894947044746,336,335.5,335,334.5,334,336.5,337,337.5,338,338.5
1683594895369756464,336,335.5,335,334.5,334,336.5,337,337.5,338,338.5
1683594897558775278,336,335.5,335,334.5,334,336.5,337,337.5,338,338.5
1683594897591100762,336,335.5,335,334.5,334,337,337.5,338,338.5,339
1683594907648956804,336,335.5,335,334.5,334,337,337.5,338,338.5,339
1683594907683697703,336,335.5,335,334.5,334,337,337.5,338,338.5,339
1683594908226480054,336,335.5,335,334.5,334,337,337.5,338,338.5,339
1683594908516366231,336,335.5,335,334.5,334,336.5,337,337.5,338,338.5
1683594908549499612,336,335.5,335,334.5,334,336.5,337,337.5,338,338.5
1683594909461342927,336,335.5,335,334.5,334,336.5,337,337.5,338,338.5
1683594910182219626,336,335.5,335,334.5,334,336.5,337,337.5,338,338.5
1683594912263256404,336,335.5,335,334.5,334,336.5,337,337.5,338,338.5
1683594912263256404,336,335.5,335,334.5,334,336.5,337,337.5,338,338.5
1683594913392649829,336,335.5,335,334.5,334,336.5,337,337.5,338,338.5
1683594914884428073,336,335.5,335,334.5,334,336.5,337,337.5,338,338.5
1683594918217748643,336,335.5,335,334.5,334,336.5,337,337.5,338,338.5
1683594921909620925,336,335.5,335,334.5,334,336.5,337,337.5,338,338.5
1683594929216657374,336,335.5,335,334.5,334,336.5,337,337.5,338,338.5
1683594936641653413,336,335.5,335,334.5,334,336.5,337,337.5,338,338.5
1683594937829830228,336,335.5,335,334.5,334,336.5,337,337.5,338,338.5
1683594940903659261,336,335.5,335,334.5,334,336.5,337,337.5,338,338.5
1683594941597017892,336,335.5,335,334.5,334,336.5,337,337.5,338,338.5
1683594942935436530,336,335.5,335,334.5,334,336.5,337,337.5,338,338.5
1683594943367550902,336,335.5,335,334.5,334,336.5,337,337.5,338,338.5
1683594946883483323,336,335.5,335,334.5,334,336.5,337,337.5,338,338.5
1683594947546769921,336,335.5,335,334.5,334,336.5,337,337.5,338,338.5
1683594948035774460,336,335.5,335,334.5,334,336.5,337,337.5,338,338.5
1683594952538656033,336,335.5,335,334.5,334,336.5,337,337.5,338,338.5
1683594953780693928,336,335.5,335,334.5,334,336.5,337,337.5,338,338.5
1683594957374918118,336,335.5,335,334.5,334,336.5,337,337.5,338,338.5
1683594957405644940,336,335.5,335,334.5,334,336.5,337,337.5,338,338.5
1683594959936970395,336,335.5,335,334.5,334,336.5,337,337.5,338,338.5
1683594960783951496,336,335.5,335,334.5,334,336.5,337,337.5,338,338.5
1683594964774397407,336,335.5,335,334.5,334,336.5,337,337.5,338,338.5
1683594966940102487,336,335.5,335,334.5,334,336.5,337,337.5,338,338.5
1683594968589066592,335.5,335,334.5,334,333.5,336.5,337,337.5,338,338.5
1683594968620466307,335.5,335,334.5,334,333.5,336.5,337,337.5,338,338.5
1683594968630863389,335.5,335,334.5,334,333.5,336.5,337,337.5,338,338.5
1683594968642712597,335.5,335,334.5,334,333.5,336.5,337,337.5,338,338.5
1683594971142920716,335.5,335,334.5,334,333.5,336.5,337,337.5,338,338.5
1683594972082737714,335.5,335,334.5,334,333.5,336.5,337,337.5,338,338.5
1683594973575687127,335.5,335,334.5,334,333.5,336.5,337,337.5,338,338.5
1683594973606613695,335.5,335,334.5,334,333.5,336.5,337,337.5,338,338.5
1683594976863884826,335.5,335,334.5,334,333.5,336.5,337,337.5,338,338.5
1683594979503995034,335.5,335,334.5,334,333.5,336.5,337,337.5,338,338.5
1683594984149578593,335.5,335,334.5,334,333.5,336.5,337,337.5,338,338.5
1683594984897183517,335.5,335,334.5,334,333.5,336,336.5,337,337.5,338
1683594984929963674,335.5,335,334.5,334,333.5,336,336.5,337,337.5,338
1683594992136865192,335.5,335,334.5,334,333.5,336,336.5,337,337.5,338
1683594994543674757,335.5,335,334.5,334,333.5,336,336.5,337,337.5,338
1683594997930418575,335.5,335,334.5,334,333.5,336,336.5,337,337.5,338
1683594997960540031,335.5,335,334.5,334,333.5,336,336.5,337,337.5,338
1683594999305247627,335.5,335,334.5,334,333.5,336,336.5,337,337.5,338
1683594999651265906,335.5,335,334.5,334,333.5,336,336.5,337,337.5,338
1683595005508594513,335.5,335,334.5,334,333.5,336,336.5,337,337.5,338
1683595005966133913,335.5,335,334.5,334,333.5,336,336.5,337,337.5,338
1683595007832122911,335.5,335,334.5,334,333.5,336,336.5,337,337.5,338
1683595008188382359,335.5,335,334.5,334,333.5,336,336.5,337,337.5,338
1683595011759018281,335.5,335,334.5,334,333.5,336,336.5,337,337.5,338
1683595012121642399,335.5,335,334.5,334,333.5,336.5,337,337.5,338,338.5
1683595012152592711,335.5,335,334.5,334,333.5,336.5,337,337.5,338,338.5
1683595012183068522,335.5,335,334.5,334,333.5,336.5,337,337.5,338,338.5
