Timestamp,BidPrice0,BidPrice1,BidPrice2,BidPrice3,BidPrice4,AskPrice0,AskPrice1,AskPrice2,AskPrice3,AskPrice4
1684103400992075300,0,0,0,0,0,0,0,0,0,0
1684110621206666253,316.5,316,314.5,314,313,326.5,332,333,334,335
1684110631247151703,318.5,318,317,316.5,316,326.5,332,333,334,335
1684110636264908016,318.5,318,317,316.5,316,326.5,332,333,334,335
1684110641280416921,322.5,318.5,318,317,316.5,326.5,332,333,334,335
1684110646300077772,323,322.5,318.5,318,317,326.5,332,333,334,335
1684110651317718331,323,322.5,321,318.5,318,326.5,332,333,334,335
1684110656333258839,324,323,322.5,322,321,326.5,332,333,334,335
1684110661346879373,324,323,322.5,322,321,326.5,327.5,328,332,333
1684110666368561192,324,323,322.5,322,321,326.5,327.5,328,329.5,332
1684110671374045323,324,323,322.5,322,321,326.5,327.5,328,329.5,332
1684110676395671669,324,323,322.5,322,321.5,326.5,327.5,328,329.5,331.5
1684110706483216882,324,323.5,323,322.5,322,326.5,327.5,328,329.5,331.5
1684110711494732514,324.5,324,323.5,323,322.5,326.5,327.5,328,329.5,330
1684110731561303014,324.5,324,323.5,323,322.5,326.5,327.5,328,329.5,330
1684110751625646949,324.5,324,323.5,323,322.5,326.5,327.5,328,329.5,330
1684110761652683751,324.5,324,323.5,323,322.5,326.5,327.5,328,329,329.5
1684110771688133472,324.5,324,323.5,323,322.5,326.5,327.5,328,329,329.5
1684110786722732778,324.5,324,323.5,323,322.5,326.5,327.5,328,329,329.5
1684110791748573549,324.5,324,323.5,323,322.5,326.5,327.5,328,329,329.5
1684110796759863444,324.5,324,323.5,323,322.5,326.5,327.5,328,329,329.5
1684110831885542303,326.5,324.5,324,323.5,323,327.5,328,329,329.5,330
1684110851939814056,326.5,324.5,324,323.5,323,327.5,328,329,329.5,330
1684110932198717653,326.5,324.5,324,323.5,323,327.5,328,329,329.5,330
1684110952259095774,326.5,324.5,324,323.5,323,327.5,328,329,329.5,330
1684110982348624955,326.5,324.5,324,323.5,323,327.5,328,329,329.5,330
1684110987362079921,326.5,324.5,324,323.5,323,327.5,328,329,329.5,330
1684111177959124470,326.5,324.5,324,323.5,323,327.5,328,329,329.5,330
1684111243972988574,326.5,324.5,324,323.5,323,327.5,328,329,329.5,330
1684111279086410758,326.5,326,324.5,324,323.5,327.5,328,329,329.5,330
1684111374380865706,326.5,326,324.5,324,323.5,327.5,328,329,329.5,330
1684111414507896862,326,324.5,324,323.5,323,327.5,328,329,329.5,330
1684111439598068646,326,324.5,324,323.5,323,327.5,328,329,329.5,330
1684111494765693652,326,324.5,324,323.5,323,326.5,327.5,328,329,329.5
1684111504811242371,324.5,324,323.5,323,322.5,326.5,327.5,328,329,329.5
1684111580045214981,324.5,324,323.5,323,322.5,326.5,327.5,328,329,329.5
1684111590072375786,324.5,324,323.5,323,322.5,326.5,327.5,328,329,329.5
1684111615164809469,323,322.5,322,321.5,321,326,326.5,327.5,328,329
1684111620182489884,323,322.5,322,321.5,321,326,326.5,327.5,328,329
1684111625187852424,323,322.5,322,321.5,321,326,326.5,327.5,328,329
1684111635231384960,323,322.5,322,321.5,321,326,326.5,327.5,328,329
1684111640228383099,322.5,322,321.5,321,320.5,326,326.5,327.5,328,329
1684111645256337105,322.5,322,321.5,321,320.5,326,326.5,327.5,328,329
1684111650267832023,322.5,322,321.5,321,320.5,326,326.5,327.5,328,329
1684111685383271747,326,324.5,324,323.5,323,326.5,327.5,328,329,329.5
1684111690390787690,326,324.5,324,323.5,323,326.5,327.5,328,329,329.5
1684111710451129314,326.5,326,324.5,324,323.5,328,329,329.5,330,331
1684111720488373811,326.5,326,324.5,324,323.5,328,329,329.5,330,331
1684111725506130846,326.5,326,324.5,324,323.5,328,329,329.5,330,331
1684111730527820966,326.5,326,324.5,324,323.5,328,329,329.5,330,331
1684111735535129026,326,324.5,324,323.5,323,326.5,327.5,328,329,329.5
1684111740546771654,326.5,326,324.5,324,323.5,329,329.5,330,331,331.5
1684111745568503114,326,324.5,324,323.5,323,326.5,327.5,328,329,329.5
1684111750594378675,326,324.5,324,323.5,323,326.5,327.5,328,329,329.5
1684111755609878897,326.5,326,324.5,324,323.5,329,329.5,330,331,331.5
1684111760623420173,326.5,326,324.5,324,323.5,329,329.5,330,331,331.5
1684111775674422841,326.5,326,324.5,324,323.5,329,329.5,330,331,331.5
1684111780690013260,329,326.5,326,324.5,324,329.5,330,331,331.5,332
1684111785705718204,326.5,326,324.5,324,323.5,329,329.5,330,331,331.5
1684111790928051767,326.5,326,324.5,324,323.5,329,329.5,330,331,331.5
1684111821628028262,326.5,326,324.5,324,323.5,329,329.5,330,331,331.5
1684111826623068976,326.5,326,324.5,324,323.5,329,329.5,330,331,331.5
1684111831656943186,328,326.5,326,324.5,324,329,329.5,330,331,331.5
1684111841665769129,328,326.5,326,324.5,324,329,329.5,330,331,331.5
1684111851729834869,328,327,326.5,326,324.5,329,329.5,330,331,331.5
1684111856722931778,326.5,326,324.5,324,323.5,327.5,328,329,329.5,330
1684111861763114235,326.5,326,324.5,324,323.5,327.5,328,329,329.5,330
1684111891850493896,326.5,326,324.5,324,323.5,327.5,328,329,329.5,330
1684111916922428775,326.5,326,324.5,324,323.5,327.5,328,329,329.5,330
1684111921946186293,326,324.5,324,323.5,323,327.5,328,329,329.5,330
1684111926951549989,326,324.5,324,323.5,323,327.5,328,329,329.5,330
1684111952037811265,326,324.5,324,323.5,323,327.5,328,328.5,329,329.5
1684111972112466995,326,324.5,324,323.5,323,327.5,328,328.5,329,329.5
1684111977105551023,326,324.5,324,323.5,323,326.5,327.5,328,328.5,329
1684112022262285467,326,324.5,324,323.5,323,326.5,327.5,328,328.5,329
1684112032289549418,326,324.5,324,323.5,323,326.5,327.5,328,328.5,329
1684112037305096465,326,324.5,324,323.5,323,326.5,327.5,328,328.5,329
1684112047328113916,326,324.5,324,323.5,323,326.5,327.5,328,328.5,329
1684112097508670269,326,324.5,324,323.5,323,326.5,327.5,328,328.5,329
1684112132611931512,326,324.5,324,323.5,323,326.5,327.5,328,328.5,329
1684112157704291271,326,325,324.5,324,323.5,326.5,327.5,328,328.5,329
1684112177764625544,326,325,324.5,324,323.5,327.5,328,328.5,329,329.5
1684112197820875970,326,325,324.5,324,323.5,327.5,328,328.5,329,329.5
1684112207841840552,326,325,324.5,324,323.5,326.5,327.5,328,328.5,329
1684112212879998367,326,325,324.5,324,323.5,326.5,327,327.5,328,328.5
1684112283090292323,326,325,324.5,324,323.5,326.5,327,327.5,328,328.5
1684112298141235832,326,325,324.5,324,323.5,326.5,327,327.5,328,328.5
1684112313196285725,326,325,324.5,324,323.5,326.5,327,327.5,328,328.5
1684112318205652980,326,325,324.5,324,323.5,326.5,327,327.5,328,328.5
1684112323217234853,326,325,324.5,324,323.5,326.5,327,327.5,328,328.5
1684112328236949074,326,325,324.5,324,323.5,326.5,327,327.5,328,328.5
1684112338257898665,326,325,324.5,324,323.5,326.5,327,327.5,328,328.5
1684112343279581584,325,324.5,324,323.5,323,326.5,327,327.5,328,328.5
1684112348291171063,325,324.5,324,323.5,323,326,326.5,327,327.5,328
1684112358328568518,325,324.5,324,323.5,323,326,326.5,327,327.5,328
1684112363342092822,325,324.5,324,323.5,323,326,326.5,327,327.5,328
1684112373369142994,325,324.5,324,323.5,323,326.5,327,327.5,328,328.5
1684112378392932340,325,324.5,324,323.5,323,326.5,327,327.5,328,328.5
1684112383400433028,326,325,324.5,324,323.5,326.5,327,327.5,328,328.5
1684112388432394377,326,325,324.5,324,323.5,326.5,327,327.5,328,328.5
1684112398854721982,324.5,324,323.5,323,322.5,326,326.5,327,327.5,328
1684112401068775134,323,322.5,322,321.5,321,324,326,326.5,327,327.5
1684112401099409767,323,322.5,322,321.5,321,324,326,326.5,327,327.5
1684112401529431383,323,322.5,322,321.5,321,323.5,324,326,326.5,327
1684112404184846671,323,322.5,322,321.5,321,323.5,324,326,326.5,327
1684112404856590624,323,322.5,322,321.5,321,324,326,326.5,327,327.5
1684112406161817227,323,322.5,322,321.5,321,324,326,326.5,327,327.5
1684112406215047251,323,322.5,322,321.5,321,324,326,326.5,327,327.5
1684112406236977823,323,322.5,322,321.5,321,324,326,326.5,327,327.5
1684112407188720861,323,322.5,322,321.5,321,324,326,326.5,327,327.5
1684112408969646886,323,322.5,322,321.5,321,326,326.5,327,327.5,328
1684112409012941587,323,322.5,322,321.5,321,326,326.5,327,327.5,328
1684112409026194328,323,322.5,322,321.5,321,326,326.5,327,327.5,328
1684112409075462222,323,322.5,322,321.5,321,325.5,326,326.5,327,327.5
1684112409075462222,323,322.5,322,321.5,321,325.5,326,326.5,327,327.5
1684112410350355519,323,322.5,322,321.5,321,325.5,326,326.5,327,327.5
1684112410406578862,323.5,323,322.5,322,321.5,325.5,326,326.5,327,327.5
1684112410449707270,323.5,323,322.5,322,321.5,325.5,326,326.5,327,327.5
1684112410482394226,323.5,323,322.5,322,321.5,325.5,326,326.5,327,327.5
1684112414100122318,324,323.5,323,322.5,322,325.5,326,326.5,327,327.5
1684112414132180192,324,323.5,323,322.5,322,325.5,326,326.5,327,327.5
1684112414154513030,324,323,322.5,322,321.5,325.5,326,326.5,327,327.5
1684112414164706978,324,323,322.5,322,321.5,325.5,326,326.5,327,327.5
1684112414164764155,324,323,322.5,322,321.5,325.5,326,326.5,327,327.5
1684112414188819917,324.5,324,323,322.5,322,325.5,326,326.5,327,327.5
1684112414219460471,324.5,324,323,322.5,322,325.5,326,326.5,327,327.5
1684112414219526014,324.5,324,323,322.5,322,326,326.5,327,327.5,328
1684112414254435303,324.5,324,323,322.5,322,326,326.5,327,327.5,328
1684112414406865603,324.5,324,323,322.5,322,326,326.5,327,327.5,328
1684112415010618069,324.5,324,323,322.5,322,326,326.5,327,327.5,328
1684112415699884729,324.5,324,323.5,323,322.5,326,326.5,327,327.5,328
1684112416059909354,324.5,324,323.5,323,322.5,325.5,326,326.5,327,327.5
1684112416105175325,324.5,324,323.5,323,322.5,325.5,326,326.5,327,327.5
1684112417323829019,324.5,324,323.5,323,322.5,325.5,326,326.5,327,327.5
1684112417367775573,324.5,324,323.5,323,322.5,325.5,326,326.5,327,327.5
1684112420518799160,324.5,324,323.5,323,322.5,325.5,326,326.5,327,327.5
1684112420666503098,324,323.5,323,322.5,322,325.5,326,326.5,327,327.5
1684112420702562445,324,323.5,323,322.5,322,325.5,326,326.5,327,327.5
1684112420733779421,324,323.5,323,322.5,322,325.5,326,326.5,327,327.5
1684112425674827836,324,323.5,323,322.5,322,325.5,326,326.5,327,327.5
1684112429505531926,324,323.5,323,322.5,322,325.5,326,326.5,327,327.5
1684112430531160187,324,323.5,323,322.5,322,325.5,326,326.5,327,327.5
1684112432243369154,324,323.5,323,322.5,322,325.5,326,326.5,327,327.5
1684112433371436131,324,323.5,323,322.5,322,325.5,326,326.5,327,327.5
1684112437431836541,324,323.5,323,322.5,322,325.5,326,326.5,327,327.5
1684112437618705626,324,323.5,323,322.5,322,325.5,326,326.5,327,327.5
1684112438273322575,324.5,324,323.5,323,322.5,325.5,326,326.5,327,327.5
1684112438306021794,324.5,324,323.5,323,322.5,325.5,326,326.5,327,327.5
1684112438338707528,324.5,324,323.5,323,322.5,325.5,326,326.5,327,327.5
1684112440818532517,324.5,324,323.5,323,322.5,325.5,326,326.5,327,327.5
1684112440854061239,324.5,324,323.5,323,322.5,325.5,326,326.5,327,327.5
1684112440854268738,324,323.5,323,322.5,322,325.5,326,326.5,327,327.5
1684112440886634521,324,323.5,323,322.5,322,325.5,326,326.5,327,327.5
1684112440886634521,324,323.5,323,322.5,322,325.5,326,326.5,327,327.5
1684112440919561277,324,323.5,323,322.5,322,325.5,326,326.5,327,327.5
1684112443412236061,324.5,324,323.5,323,322.5,325.5,326,326.5,327,327.5
1684112443446476333,324.5,324,323.5,323,322.5,325.5,326,326.5,327,327.5
1684112443456942152,324.5,324,323.5,323,322.5,325,325.5,326,326.5,327
1684112443491410061,324.5,324,323.5,323,322.5,325,325.5,326,326.5,327
1684112445077699940,324.5,324,323.5,323,322.5,325.5,326,326.5,327,327.5
1684112445279403155,324.5,324,323.5,323,322.5,325.5,326,326.5,327,327.5
1684112445311058164,324.5,324,323.5,323,322.5,325.5,326,326.5,327,327.5
1684112446514380415,324.5,324,323.5,323,322.5,325.5,326,326.5,327,327.5
1684112446565792254,324.5,324,323.5,323,322.5,325,325.5,326,326.5,327
1684112446596234967,324.5,324,323.5,323,322.5,325,325.5,326,326.5,327
1684112447281233484,324.5,324,323.5,323,322.5,325.5,326,326.5,327,327.5
1684112447714381550,324,323.5,323,322.5,322,325.5,326,326.5,327,327.5
1684112447746238789,324,323.5,323,322.5,322,325.5,326,326.5,327,327.5
1684112447746238789,324,323.5,323,322.5,322,325.5,326,326.5,327,327.5
1684112447777056205,324,323.5,323,322.5,322,325.5,326,326.5,327,327.5
1684112448452954647,324,323.5,323,322.5,322,325.5,326,326.5,327,327.5
1684112450062503122,325,324,323.5,323,322.5,325.5,326,326.5,327,327.5
1684112450095287060,325,324,323.5,323,322.5,325.5,326,326.5,327,327.5
1684112450095287060,324,323.5,323,322.5,322,325.5,326,326.5,327,327.5
1684112450129103507,324,323.5,323,322.5,322,325.5,326,326.5,327,327.5
1684112450151520382,324,323.5,323,322.5,322,325.5,326,326.5,327,327.5
1684112452221283096,323.5,323,322.5,322,321.5,325.5,326,326.5,327,327.5
1684112452254178233,323.5,323,322.5,322,321.5,325.5,326,326.5,327,327.5
1684112452254178233,323.5,323,322.5,322,321.5,325,325.5,326,326.5,327
1684112452254202639,323.5,323,322.5,322,321.5,325,325.5,326,326.5,327
1684112452288788941,323.5,323,322.5,322,321.5,325,325.5,326,326.5,327
1684112452288788941,323.5,323,322.5,322,321.5,325,325.5,326,326.5,327
1684112452288934524,323.5,323,322.5,322,321.5,325,325.5,326,326.5,327
1684112452322324009,323.5,323,322.5,322,321.5,325,325.5,326,326.5,327
1684112452332778697,323.5,323,322.5,322,321.5,325,325.5,326,326.5,327
1684112454131439939,323.5,323,322.5,322,321.5,325,325.5,326,326.5,327
1684112454169836915,323.5,323,322.5,322,321.5,325.5,326,326.5,327,327.5
1684112454169836915,323.5,323,322.5,322,321.5,325.5,326,326.5,327,327.5
1684112454201536277,323.5,323,322.5,322,321.5,325.5,326,326.5,327,327.5
1684112454230267527,323.5,323,322.5,322,321.5,325.5,326,326.5,327,327.5
1684112455314956227,323.5,323,322.5,322,321.5,325.5,326,326.5,327,327.5
1684112458602101279,323.5,323,322.5,322,321.5,325.5,326,326.5,327,327.5
1684112460036370937,323.5,323,322.5,322,321.5,325,325.5,326,326.5,327
1684112460058868294,323.5,323,322.5,322,321.5,325,325.5,326,326.5,327
1684112460058868294,323.5,323,322.5,322,321.5,325,325.5,326,326.5,327
1684112460079779182,323.5,323,322.5,322,321.5,325,325.5,326,326.5,327
1684112460348905175,323.5,323,322.5,322,321.5,324,325,325.5,326,326.5
1684112460372076386,323.5,323,322.5,322,321.5,324,325,325.5,326,326.5
1684112460372076386,323,322.5,322,321.5,321,324,325,325.5,326,326.5
1684112460404360787,323,322.5,322,321.5,321,324,325,325.5,326,326.5
1684112460404360787,323,322.5,322,321.5,321,324,325,325.5,326,326.5
1684112460427281808,323,322.5,322,321.5,321,324,325,325.5,326,326.5
1684112460437859857,323,322.5,322,321.5,321,324,325,325.5,326,326.5
1684112460788209720,323,322.5,322,321.5,321,324,325,325.5,326,326.5
1684112460823337498,322.5,322,321.5,321,320.5,324,325,325.5,326,326.5
1684112460867678173,322.5,322,321.5,321,320.5,324,325,325.5,326,326.5
1684112460867808778,322.5,322,321.5,321,320.5,324,325,325.5,326,326.5
1684112460878135445,322.5,322,321.5,321,320.5,324,325,325.5,326,326.5
1684112460903234195,322.5,322,321.5,321,320.5,324,325,325.5,326,326.5
1684112461310395274,322.5,322,321.5,321,320.5,324,325,325.5,326,326.5
1684112463165253260,323,322.5,322,321.5,321,324,325,325.5,326,326.5
1684112463197502273,323,322.5,322,321.5,321,324,325,325.5,326,326.5
1684112463233811350,323,322.5,322,321.5,321,324,325,325.5,326,326.5
1684112464467881406,323,322.5,322,321.5,321,324,325,325.5,326,326.5
1684112466657900449,323,322.5,322,321,320.5,324,325,325.5,326,326.5
1684112467352159512,323,322.5,322,321,320.5,324,325,325.5,326,326.5
1684112467370350053,322.5,322,321,320.5,320,324,325,325.5,326,326.5
1684112467391047440,322.5,322,321,320.5,320,324,325,325.5,326,326.5
1684112467413489963,322.5,322,321,320.5,320,324,325,325.5,326,326.5
1684112467679286406,322.5,322,321,320.5,320,324,325,325.5,326,326.5
1684112468219526385,323,322.5,322,321,320.5,324,325,325.5,326,326.5
1684112468252449505,323,322.5,322,321,320.5,324,325,325.5,326,326.5
1684112468285066139,323,322.5,322,321,320.5,324,325,325.5,326,326.5
1684112469093268297,323,322.5,322,321,320.5,324,325,325.5,326,326.5
1684112469093268297,323,322.5,322,321,320.5,324,325,325.5,326,326.5
1684112472515444405,0,0,0,0,0,0,0,0,0,0
1684112472515444405,322,321,320.5,320,319.5,324,325,325.5,326,326.5
1684112472549893560,322,321,320.5,320,319.5,324,325,325.5,326,326.5
1684112472560142230,322,321,320.5,320,319.5,323.5,324,325,325.5,326
1684112472583764448,322,321,320.5,320,319.5,323.5,324,325,325.5,326
1684112472593849943,322,321,320.5,320,319.5,323.5,324,325,325.5,326
1684112472594103509,322,321,320.5,320,319.5,323.5,324,325,325.5,326
1684112472594103509,322,321,320.5,320,319.5,323.5,324,325,325.5,326
1684112472594198838,322,321,320.5,320,319.5,323.5,324,325,325.5,326
1684112472604207278,322,321,320.5,320,319.5,323.5,324,325,325.5,326
1684112472836598005,322,321,320.5,320,319.5,323.5,324,325,325.5,326
1684112473504393726,322,321,320.5,320,319.5,323.5,324,325,325.5,326
1684112476272117755,322,321,320.5,320,319.5,323,323.5,324,325,325.5
1684112476293689493,322,321,320.5,320,319.5,323,323.5,324,325,325.5
1684112476306690652,322,321,320.5,320,319.5,323,323.5,324,325,325.5
1684112476328972243,322,321,320.5,320,319.5,323,323.5,324,325,325.5
1684112476362454352,322,321,320.5,320,319.5,323,323.5,324,325,325.5
1684112477608505582,322,321,320.5,320,319.5,323,323.5,324,325,325.5
1684112477608505582,322,321,320.5,320,319.5,323,323.5,324,325,325.5
1684112478125596672,322,321,320.5,320,319.5,322.5,323,323.5,324,325
1684112478148411003,322,321,320.5,320,319.5,322.5,323,323.5,324,325
1684112478148436291,322,321,320.5,320,319.5,322.5,323,323.5,324,325
1684112478171663247,322,321,320.5,320,319.5,322.5,323,323.5,324,325
1684112478629392672,322,321,320.5,320,319.5,323,323.5,324,325,325.5
1684112478660155245,322,321,320.5,320,319.5,323,323.5,324,325,325.5
1684112478691840371,322,321,320.5,320,319.5,323,323.5,324,325,325.5
1684112479316409589,322,321,320.5,320,319.5,323,323.5,324,325,325.5
1684112482682388464,322.5,322,321,320.5,320,323,323.5,324,325,325.5
1684112482717568911,322.5,322,321,320.5,320,323,323.5,324,325,325.5
1684112482753569018,322.5,322,321,320.5,320,323,323.5,324,325,325.5
1684112484399137276,322,321,320.5,320,319.5,323,323.5,324,325,325.5
1684112484430384069,322,321,320.5,320,319.5,323,323.5,324,325,325.5
1684112484454822609,322,321,320.5,320,319.5,323,323.5,324,325,325.5
1684112486304257855,322,321,320.5,320,319.5,322.5,323,323.5,324,325
1684112486336556532,322,321,320.5,320,319.5,322.5,323,323.5,324,325
1684112486336556532,322,321,320.5,320,319.5,323,323.5,324,325,325.5
1684112486366830659,322,321,320.5,320,319.5,323,323.5,324,325,325.5
1684112486366830659,322,321,320.5,320,319.5,323,323.5,324,325,325.5
1684112486397715291,322,321,320.5,320,319.5,323,323.5,324,325,325.5
1684112488015893568,322,321,320.5,320,319.5,323,323.5,324,325,325.5
1684112488711911193,322,321,320.5,320,319.5,322.5,323,323.5,324,325
1684112488745133654,322,321,320.5,320,319.5,322.5,323,323.5,324,325
1684112488745133654,322,321,320.5,320,319.5,323,323.5,324,325,325.5
1684112488779420364,322,321,320.5,320,319.5,323,323.5,324,325,325.5
1684112488779465999,322,321,320.5,320,319.5,323,323.5,324,325,325.5
1684112488790451614,322,321,320.5,320,319.5,323,323.5,324,325,325.5
1684112488790648022,322,321,320.5,320,319.5,323,323.5,324,325,325.5
1684112488824836628,322,321,320.5,320,319.5,323,323.5,324,325,325.5
1684112491100312126,322,321,320.5,320,319.5,322.5,323,323.5,324,325
1684112491121260645,322,321,320.5,320,319.5,322.5,323,323.5,324,325
1684112491154251932,322,321,320.5,320,319.5,322.5,323,323.5,324,325
1684112491257471035,322,321,320.5,320,319.5,322.5,323,323.5,324,325
1684112492565129446,322,321,320.5,320,319.5,322.5,323,323.5,324,325
1684112496166854198,322,321,320.5,320,319.5,322.5,323,323.5,324,325
1684112497795931057,322,321,320.5,320,319.5,322.5,323,323.5,324,325
1684112498710331521,322,321,320.5,320,319.5,322.5,323,323.5,324,325
1684112501818253434,322,321,320.5,320,319.5,322.5,323,323.5,324,325
1684112501850916966,322,321,320.5,320,319.5,323,323.5,324,325,325.5
1684112501884264262,322,321,320.5,320,319.5,323,323.5,324,325,325.5
1684112501884264262,322,321,320.5,320,319.5,323,323.5,324,325,325.5
1684112501919330315,322,321,320.5,320,319.5,323,323.5,324,325,325.5
1684112501927722831,322,321,320.5,320,319.5,323,323.5,324,325,325.5
1684112501972661238,322,321,320.5,320,319.5,323,323.5,324,325,325.5
1684112503867095956,322,321,320.5,320,319.5,323.5,324,325,325.5,326
1684112503901185144,322,321,320.5,320,319.5,323.5,324,325,325.5,326
1684112503901185144,322.5,322,321,320.5,320,323.5,324,325,325.5,326
1684112503932999442,322.5,322,321,320.5,320,323.5,324,325,325.5,326
1684112503932999442,322.5,322,321,320.5,320,323.5,324,325,325.5,326
1684112503932999442,322.5,322,321,320.5,320,323.5,324,325,325.5,326
1684112503967434250,322.5,322,321,320.5,320,323.5,324,325,325.5,326
1684112506217733183,322.5,322,321,320.5,320,323,323.5,324,325,325.5
1684112506252127113,322.5,322,321,320.5,320,323,323.5,324,325,325.5
1684112506283201712,322.5,322,321,320.5,320,323,323.5,324,325,325.5
1684112507086623206,322.5,322,321,320.5,320,323,323.5,324,325,325.5
1684112508509080329,322.5,322,321,320.5,320,323,323.5,324,325,325.5
1684112509026171300,322.5,322,321,320.5,320,323,323.5,324,325,325.5
1684112510422349558,322.5,322,321,320.5,320,323,323.5,324,325,325.5
1684112511121286834,322.5,322,321,320.5,320,323.5,324,325,325.5,326
1684112511151996057,322.5,322,321,320.5,320,323.5,324,325,325.5,326
1684112511185679614,322.5,322,321,320.5,320,323.5,324,325,325.5,326
1684112512065420308,323,322.5,322,321,320.5,323.5,324,325,325.5,326
1684112512099916551,323,322.5,322,321,320.5,323.5,324,325,325.5,326
1684112512145078307,323,322.5,322,321,320.5,323.5,324,325,325.5,326
1684112512641098910,323,322.5,322,321,320.5,323.5,324,325,325.5,326
1684112513399956350,323,322.5,322,321,320.5,323.5,324,325,325.5,326
1684112516212574094,323,322.5,322,321,320.5,323.5,324,325,325.5,326
1684112516752286313,323,322.5,322,321,320.5,323.5,324,325,325.5,326
1684112517419381950,323,322.5,322,321,320.5,323.5,324,325,325.5,326
1684112518220893939,323,322.5,322,321,320.5,323.5,324,325,325.5,326
1684112520128863508,323,322.5,322,321,320.5,323.5,324,325,325.5,326
1684112520507437749,323,322.5,322,321,320.5,323.5,324,325,325.5,326
1684112520586572014,323,322.5,322,321,320.5,323.5,324,325,325.5,326
1684112521218980971,323,322.5,322,321,320.5,323.5,324,325,325.5,326
1684112521257152724,323,322.5,322,321,320.5,324,325,325.5,326,326.5
1684112521286001435,323,322.5,322,321,320.5,324,325,325.5,326,326.5
1684112521318397916,323,322.5,322,321,320.5,324,325,325.5,326,326.5
1684112521318397916,323,322.5,322,321,320.5,324,325,325.5,326,326.5
1684112521397491284,323.5,323,322.5,322,321,324,325,325.5,326,326.5
1684112521433155911,323.5,323,322.5,322,321,324,325,325.5,326,326.5
1684112521433155911,323.5,323,322.5,322,321,324,325,325.5,326,326.5
1684112521443293793,323.5,323,322.5,322,321,324,325,325.5,326,326.5
1684112521463965913,323.5,323,322.5,322,321,324,325,325.5,326,326.5
1684112525068339430,323.5,323,322.5,322,321,324,325,325.5,326,326.5
1684112525412575665,323.5,323,322.5,322,321,324,325,325.5,326,326.5
1684112525444306547,323.5,323,322.5,322,321,324,325,325.5,326,326.5
1684112525516430000,323.5,323,322.5,322,321,324,325,325.5,326,326.5
1684112526226412042,323.5,323,322.5,322,321,324,324.5,325,325.5,326
1684112526325763313,323.5,323,322.5,322,321,324,324.5,325,325.5,326
1684112527024147671,323.5,323,322.5,322,321,324,324.5,325,325.5,326
1684112528239572064,323.5,323,322.5,322,321,324,324.5,325,325.5,326
1684112528248649977,323.5,323,322.5,322,321,324,324.5,325,325.5,326
1684112532084939261,323.5,323,322.5,322,321,324,324.5,325,325.5,326
1684112536452069109,323.5,323,322.5,322,321,324,324.5,325,325.5,326
1684112536678576571,323.5,323,322.5,322,321,324,324.5,325,325.5,326
1684112537910477267,323.5,323,322.5,322,321,324,324.5,325,325.5,326
1684112537943391870,323.5,323,322.5,322,321,324.5,325,325.5,326,326.5
1684112537978078761,323.5,323,322.5,322,321,324.5,325,325.5,326,326.5
1684112537988334255,323.5,323,322.5,322,321,324.5,325,325.5,326,326.5
1684112537999443501,323.5,323,322.5,322,321.5,324.5,325,325.5,326,326.5
1684112541684976658,323.5,323,322.5,322,321.5,324.5,325,325.5,326,326.5
1684112542189685703,324,323.5,323,322.5,322,324.5,325,325.5,326,326.5
1684112542224656316,324,323.5,323,322.5,322,324.5,325,325.5,326,326.5
1684112543181022006,324,323.5,323,322.5,322,324.5,325,325.5,326,326.5
1684112543201452271,324,323.5,323,322.5,322,325,325.5,326,326.5,327
1684112543224124907,324,323.5,323,322.5,322,325,325.5,326,326.5,327
1684112543245412913,324,323.5,323,322.5,322,325,325.5,326,326.5,327
1684112543245515876,324,323.5,323,322.5,322,325,325.5,326,326.5,327
1684112544929923343,324,323.5,323,322.5,322,325,325.5,326,326.5,327
1684112546088110710,324,323.5,323,322.5,322,325,325.5,326,326.5,327
1684112547290343157,324,323.5,323,322.5,322,325,325.5,326,326.5,327
1684112549237345717,324,323.5,323,322.5,322,324.5,325,325.5,326,326.5
1684112549259672253,324,323.5,323,322.5,322,324.5,325,325.5,326,326.5
1684112549269739012,324,323.5,323,322.5,322,324.5,325,325.5,326,326.5
1684112549290391455,324,323.5,323,322.5,322,324.5,325,325.5,326,326.5
1684112549333179515,324,323.5,323,322.5,322,325,325.5,326,326.5,327
1684112551129411690,324,323.5,323,322.5,322,325,325.5,326,326.5,327
1684112551164254404,324,323.5,323,322.5,322,325,325.5,326,326.5,327
1684112551405827971,324.5,324,323.5,323,322.5,325,325.5,326,326.5,327
1684112551439168354,324.5,324,323.5,323,322.5,325,325.5,326,326.5,327
1684112551439168354,324.5,324,323.5,323,322.5,325,325.5,326,326.5,327
1684112553679345176,324.5,324,323.5,323,322.5,325,325.5,326,326.5,327
1684112554312313483,324.5,324,323.5,323,322.5,325,325.5,326,326.5,327
1684112554312377203,324.5,324,323.5,323,322.5,325,325.5,326,326.5,327
1684112555006561306,324.5,324,323.5,323,322.5,325,325.5,326,326.5,327
1684112555501008776,324.5,324,323.5,323,322.5,325,325.5,326,326.5,327
1684112556643981721,324.5,324,323.5,323,322.5,325,325.5,326,326.5,327
1684112556678484997,324.5,324,323.5,323,322.5,325.5,326,326.5,327,327.5
1684112556721489693,324.5,324,323.5,323,322.5,325,325.5,326,326.5,327
1684112557491511143,324.5,324,323.5,323,322.5,325,325.5,326,326.5,327
1684112557698343738,324.5,324,323.5,323,322.5,325,325.5,326,326.5,327
1684112558233841826,324.5,324,323.5,323,322.5,325,325.5,326,326.5,327
1684112558764248826,324.5,324,323.5,323,322.5,325,325.5,326,326.5,327
1684112564424055924,324.5,324,323.5,323,322.5,325,325.5,326,326.5,327
1684112566859162656,324.5,324,323.5,323,322.5,325.5,326,326.5,327,327.5
1684112566889865076,324.5,324,323.5,323,322.5,325.5,326,326.5,327,327.5
1684112566910387976,324.5,324,323.5,323,322.5,325.5,326,326.5,327,327.5
1684112567311734749,324.5,324,323.5,323,322.5,325.5,326,326.5,327,327.5
1684112568699460821,324.5,324,323.5,323,322.5,325.5,326,326.5,327,327.5
1684112570264744787,324.5,324,323.5,323,322.5,325.5,326,326.5,327,327.5
1684112574241392592,325,324.5,324,323.5,323,325.5,326,326.5,327,327.5
1684112574272114629,325,324.5,324,323.5,323,325.5,326,326.5,327,327.5
1684112577330326372,325,324.5,324,323.5,323,325.5,326,326.5,327,327.5
1684112577372849645,325,324.5,324,323.5,323,325.5,326,326.5,327,327.5
1684112577906197005,325,324.5,324,323.5,323,325.5,326,326.5,327,327.5
1684112578072154001,325,324.5,324,323.5,323,325.5,326,326.5,327,327.5
1684112579365567050,325,324.5,324,323.5,323,325.5,326,326.5,327,327.5
1684112579365567050,325,324.5,324,323.5,323,325.5,326,326.5,327,327.5
1684112579892920418,325,324.5,324,323.5,323,325.5,326,326.5,327,327.5
1684112581853785174,325,324.5,324,323.5,323,325.5,326,326.5,327,327.5
1684112588397242189,325,324.5,324,323.5,323,325.5,326,326.5,327,327.5
1684112588837499974,325,324.5,324,323.5,323,325.5,326,326.5,327,327.5
1684112589927435597,325,324.5,324,323.5,323,325.5,326,326.5,327,327.5
1684112590245416141,325,324.5,324,323.5,323,325.5,326,326.5,327,327.5
1684112591604563760,325,324.5,324,323.5,323,325.5,326,326.5,327,327.5
1684112593000119311,325,324.5,324,323.5,323,325.5,326,326.5,327,327.5
1684112593022689554,325,324.5,324,323.5,323,325.5,326,326.5,327,327.5
1684112593910485162,325,324.5,324,323.5,323,325.5,326,326.5,327,327.5
1684112595200337848,325,324.5,324,323.5,323,325.5,326,326.5,327,327.5
1684112600523520163,325,324.5,324,323.5,323,325.5,326,326.5,327,327.5
1684112603121582258,325,324.5,324,323.5,323,325.5,326,326.5,327,327.5
1684112607159268127,325,324.5,324,323.5,323,325.5,326,326.5,327,327.5
1684112608338988512,325,324.5,324,323.5,323,325.5,326,326.5,327,327.5
1684112609913699748,325,324.5,324,323.5,323,325.5,326,326.5,327,327.5
1684112610131955359,325,324.5,324,323.5,323,325.5,326,326.5,327,327.5
1684112611314660587,325,324.5,324,323.5,323,325.5,326,326.5,327,327.5
1684112611349569455,325,324.5,324,323.5,323,326,326.5,327,327.5,328
1684112611391713606,325,324.5,324,323.5,323,326,326.5,327,327.5,328
1684112611413992442,325,324.5,324,323.5,323,326,326.5,327,327.5,328
1684112612139013970,325,324.5,324,323.5,323,326,326.5,327,327.5,328
1684112618084654404,325,324.5,324,323.5,323,326,326.5,327,327.5,328
1684112619552957271,325,324.5,324,323.5,323,325.5,326,326.5,327,327.5
1684112619583469915,325,324.5,324,323.5,323,325.5,326,326.5,327,327.5
1684112620088356905,325,324.5,324,323.5,323,325.5,326,326.5,327,327.5
1684112620096507086,325,324.5,324,323.5,323,325.5,326,326.5,327,327.5
1684112620119094671,325,324.5,324,323.5,323,325.5,326,326.5,327,327.5
1684112622251017552,325,324.5,324,323.5,323,325.5,326,326.5,327,327.5
1684112622337179101,325,324.5,324,323.5,323,325.5,326,326.5,327,327.5
1684112623711446196,325,324.5,324,323.5,323,325.5,326,326.5,327,327.5
1684112623943816415,325,324.5,324,323.5,323,326,326.5,327,327.5,328
1684112624384008447,325.5,325,324.5,324,323.5,326,326.5,327,327.5,328
1684112624416785162,325.5,325,324.5,324,323.5,326,326.5,327,327.5,328
1684112625417580876,325.5,325,324.5,324,323.5,326,326.5,327,327.5,328
1684112628165600851,325.5,325,324.5,324,323.5,326,326.5,327,327.5,328
1684112628177922092,325.5,325,324.5,324,323.5,326,326.5,327,327.5,328
1684112629482806389,325.5,325,324.5,324,323.5,326,326.5,327,327.5,328
1684112629482806389,325.5,325,324.5,324,323.5,326,326.5,327,327.5,328
1684112631617668738,325.5,325,324.5,324,323.5,326,326.5,327,327.5,328
1684112632970737546,325.5,325,324.5,324,323.5,326,326.5,327,327.5,328
1684112632991948688,325,324.5,324,323.5,323,326,326.5,327,327.5,328
1684112633026695020,325,324.5,324,323.5,323,326,326.5,327,327.5,328
1684112633059461365,325,324.5,324,323.5,323,326,326.5,327,327.5,328
1684112636913989719,325,324.5,324,323.5,323,325.5,326,326.5,327,327.5
1684112636945347179,325,324.5,324,323.5,323,325.5,326,326.5,327,327.5
1684112637286680425,325,324.5,324,323.5,323,325.5,326,326.5,327,327.5
1684112638357644993,325,324.5,324,323.5,323,325.5,326,326.5,327,327.5
1684112639124725252,325,324.5,324,323.5,323,325.5,326,326.5,327,327.5
1684112640810273624,325,324.5,324,323.5,323,325.5,326,326.5,327,327.5
1684112642658436837,325,324.5,324,323.5,323,325.5,326,326.5,327,327.5
1684112647271528921,325,324.5,324,323.5,323,326,326.5,327,327.5,328
1684112647306469198,325,324.5,324,323.5,323,326,326.5,327,327.5,328
1684112647340407964,325,324.5,324,323.5,323,326,326.5,327,327.5,328
1684112651111839574,325,324.5,324,323.5,323,326,326.5,327,327.5,328
1684112651142350825,325,324.5,324,323.5,323,326,326.5,327,327.5,328
1684112652475689983,325,324.5,324,323.5,323,326,326.5,327,327.5,328
1684112656441729939,325.5,325,324.5,324,323.5,326,326.5,327,327.5,328
1684112656474470145,325.5,325,324.5,324,323.5,326,326.5,327,327.5,328
1684112657859000389,325.5,325,324.5,324,323.5,326,326.5,327,327.5,328
1684112658539217272,325,324.5,324,323.5,323,326,326.5,327,327.5,328
1684112658686439094,325,324.5,324,323.5,323,326,326.5,327,327.5,328
1684112658719134326,325,324.5,324,323.5,323,326,326.5,327,327.5,328
1684112659573454659,325,324.5,324,323.5,323,326,326.5,327,327.5,328
1684112661768623649,325.5,325,324.5,324,323.5,326,326.5,327,327.5,328
1684112661800340854,325.5,325,324.5,324,323.5,326,326.5,327,327.5,328
1684112663272877410,325.5,325,324.5,324,323.5,326,326.5,327,327.5,328
1684112663330080343,325,324.5,324,323.5,323,326,326.5,327,327.5,328
1684112666755555027,325,324.5,324,323.5,323,326,326.5,327,327.5,328
1684112666790446021,325,324.5,324,323.5,323,326,326.5,327,327.5,328
1684112671929995864,325,324.5,324,323.5,323,325.5,326,326.5,327,327.5
1684112671951438701,325,324.5,324,323.5,323,325.5,326,326.5,327,327.5
1684112672322112971,325,324.5,324,323.5,323,325.5,326,326.5,327,327.5
1684112673318487556,325,324.5,324,323.5,323,325.5,326,326.5,327,327.5
1684112679219974373,325,324.5,324,323.5,323,325.5,326,326.5,327,327.5
1684112681871087970,325,324.5,324,323.5,323,325.5,326,326.5,327,327.5
1684112692471544362,325,324.5,324,323.5,323,325.5,326,326.5,327,327.5
1684112692507625370,324.5,324,323.5,323,322.5,325.5,326,326.5,327,327.5
1684112692538449699,324,323.5,323,322.5,322,325.5,326,326.5,327,327.5
1684112692550406898,324,323.5,323,322.5,322,325.5,326,326.5,327,327.5
1684112692550560476,324,323.5,323,322.5,322,325.5,326,326.5,327,327.5
1684112692573388633,324,323.5,323,322.5,322,325.5,326,326.5,327,327.5
1684112692573388633,324,323.5,323,322.5,322,325,325.5,326,326.5,327
1684112692573480406,324,323.5,323,322.5,322,325,325.5,326,326.5,327
1684112692595596777,324,323.5,323,322.5,322,325,325.5,326,326.5,327
1684112692605848353,324,323.5,323,322.5,322,325,325.5,326,326.5,327
1684112692605958800,324,323.5,323,322.5,322,325,325.5,326,326.5,327
1684112692628032281,324,323.5,323,322.5,322,325,325.5,326,326.5,327
1684112692640420098,323.5,323,322.5,322,321.5,325,325.5,326,326.5,327
1684112692673307490,323.5,323,322.5,322,321.5,325,325.5,326,326.5,327
1684112692708187013,323.5,323,322.5,322,321.5,325,325.5,326,326.5,327
1684112696965388285,323.5,323,322.5,322,321.5,325,325.5,326,326.5,327
1684112701730182027,323.5,323,322.5,322,321.5,325,325.5,326,326.5,327
1684112703558491009,323.5,323,322.5,322,321.5,325,325.5,326,326.5,327
1684112704283230398,323,322.5,322,321.5,321,325,325.5,326,326.5,327
1684112704293298149,323,322.5,322,321.5,321,325,325.5,326,326.5,327
1684112704309008554,323,322.5,322,321.5,321,325,325.5,326,326.5,327
1684112704309125263,323,322.5,322,321.5,321,324.5,325,325.5,326,326.5
1684112704315738809,323,322.5,322,321.5,321,324.5,325,325.5,326,326.5
1684112704315738809,323,322.5,322,321.5,321,324.5,325,325.5,326,326.5
1684112704325520563,323,322.5,322,321.5,321,324.5,325,325.5,326,326.5
1684112704335837893,323,322.5,322,321.5,321,324.5,325,325.5,326,326.5
1684112705241448078,322.5,322,321.5,321,320.5,324.5,325,325.5,326,326.5
1684112705275719869,322.5,322,321.5,321,320.5,324.5,325,325.5,326,326.5
1684112705309535625,322.5,322,321.5,321,320.5,324.5,325,325.5,326,326.5
1684112707185501577,322.5,322,321.5,321,320.5,324.5,325,325.5,326,326.5
1684112707185501577,322.5,322,321.5,321,320.5,324.5,325,325.5,326,326.5
1684112707274741886,322.5,322,321.5,321,320.5,324,324.5,325,325.5,326
1684112707311011218,322.5,322,321.5,321,320.5,324,324.5,325,325.5,326
1684112707311011218,322.5,322,321.5,321,320.5,324,324.5,325,325.5,326
1684112707311137164,322.5,322,321.5,321,320.5,324,324.5,325,325.5,326
1684112707343222621,322.5,322,321.5,321,320.5,324,324.5,325,325.5,326
1684112707343222621,322.5,322,321.5,321,320.5,323.5,324,324.5,325,325.5
1684112707373908871,322.5,322,321.5,321,320.5,323.5,324,324.5,325,325.5
1684112707373966289,322.5,322,321.5,321,320.5,323.5,324,324.5,325,325.5
1684112711587666915,322.5,322,321.5,321,320.5,323.5,324,324.5,325,325.5
1684112714160956727,322,321.5,321,320.5,320,323.5,324,324.5,325,325.5
1684112714182732740,322,321.5,321,320.5,320,323.5,324,324.5,325,325.5
1684112714182732740,322,321.5,321,320.5,320,323.5,324,324.5,325,325.5
1684112714193007710,322,321.5,321,320.5,320,323.5,324,324.5,325,325.5
1684112714203246692,322,321.5,321,320.5,320,323.5,324,324.5,325,325.5
1684112714223751007,322,321.5,321,320.5,320,323.5,324,324.5,325,325.5
1684112714223751007,322,321.5,321,320.5,320,323.5,324,324.5,325,325.5
1684112714492796511,323,322,321.5,321,320.5,323.5,324,324.5,325,325.5
1684112714525770225,322,321.5,321,320.5,320,323,323.5,324,324.5,325
1684112714525770225,322,321.5,321,320.5,320,323,323.5,324,324.5,325
1684112714525956365,322,321.5,321,320.5,320,323,323.5,324,324.5,325
1684112714525956365,322,321.5,321,320.5,320,323,323.5,324,324.5,325
1684112714558540879,322,321.5,321,320.5,320,323,323.5,324,324.5,325
1684112714558540879,322,321.5,321,320.5,320,323,323.5,324,324.5,325
1684112718525330025,322,321.5,321,320.5,320,323,323.5,324,324.5,325
1684112720140335623,322,321.5,321,320.5,320,323,323.5,324,324.5,325
1684112720140335623,322,321.5,321,320.5,320,323,323.5,324,324.5,325
1684112720173409105,322,321.5,321,320.5,320,323,323.5,324,324.5,325
1684112720173409105,322,321.5,321,320.5,320,323,323.5,324,324.5,325
1684112722304266139,322,321.5,321,320.5,320,323,323.5,324,324.5,325
1684112722338813307,322,321.5,321,320.5,320,323,323.5,324.5,325,325.5
1684112722637936178,322,321.5,321,320.5,320,323,323.5,324.5,325,325.5
1684112723264717732,322,321.5,321,320.5,320,323,323.5,324.5,325,325.5
1684112724869504366,322,321.5,321,320.5,320,323,323.5,324.5,325,325.5
1684112725455894940,322,321.5,321,320.5,320,323,323.5,324.5,325,325.5
1684112725742487798,322,321.5,321,320.5,320,323,323.5,324.5,325,325.5
1684112726389947734,322,321.5,321,320.5,320,322.5,323,323.5,324.5,325
1684112726423547874,322,321.5,321,320.5,320,322.5,323,323.5,324.5,325
1684112727649400450,322,321.5,321,320.5,320,322.5,323,323.5,324.5,325
1684112727936059681,322,321.5,321,320.5,320,322.5,323,323.5,324.5,325
1684112727936166803,322,321.5,321,320.5,320,322.5,323,323.5,324.5,325
1684112727936166803,322,321.5,321,320.5,320,322.5,323,323.5,324.5,325
1684112727989326204,322,321.5,321,320.5,320,322.5,323,323.5,324.5,325
1684112733014266245,322,321.5,321,320.5,320,322.5,323,323.5,324.5,325
1684112733177298430,322,321.5,321,320.5,320,322.5,323,323.5,324.5,325
1684112735799423126,322,321.5,321,320.5,320,322.5,323,323.5,324.5,325
1684112739084489223,322,321.5,321,320.5,320,322.5,323,323.5,324.5,325
1684112739107006056,322,321.5,321,320.5,320,322.5,323,323.5,324.5,325
1684112739964772600,322,321.5,321,320.5,320,322.5,323,323.5,324.5,325
1684112740617376864,322,321.5,321,320.5,320,323,323.5,324.5,325,325.5
1684112740648103530,322,321.5,321,320.5,320,323.5,324.5,325,325.5,326
1684112740680917415,322,321.5,321,320.5,320,323.5,324.5,325,325.5,326
1684112740681062647,322,321.5,321,320.5,320,324.5,325,325.5,326,326.5
1684112740681201879,322,321.5,321,320.5,320,323.5,324.5,325,325.5,326
1684112740713676346,322,321.5,321,320.5,320,323.5,324.5,325,325.5,326
1684112740713676346,322,321.5,321,320.5,320,323.5,324,324.5,325,325.5
1684112740723988336,322,321.5,321,320.5,320,324,324.5,325,325.5,326
1684112740724168474,322,321.5,321,320.5,320,324,324.5,325,325.5,326
1684112740746529645,322,321.5,321,320.5,320,324,324.5,325,325.5,326
1684112740746584598,322,321.5,321,320.5,320,324,324.5,325,325.5,326
1684112740756663179,322,321.5,321,320.5,320,324,324.5,325,325.5,326
1684112740777233358,322,321.5,321,320.5,320,324,324.5,325,325.5,326
1684112743457638299,322,321.5,321,320.5,320,324,324.5,325,325.5,326
1684112745132703162,322,321.5,321,320.5,320,324,324.5,325,325.5,326
1684112745620998825,322.5,322,321.5,321,320.5,324,324.5,325,325.5,326
1684112745651758723,322.5,322,321.5,321,320.5,324,324.5,325,325.5,326
1684112745682279162,322.5,322,321.5,321,320.5,324,324.5,325,325.5,326
1684112745682279162,322.5,322,321.5,321,320.5,324,325,325.5,326,326.5
1684112745787137181,322.5,322,321.5,321,320.5,324,325,325.5,326,326.5
1684112745809258201,322.5,322,321.5,321,320.5,324,325,325.5,326,326.5
1684112746418521357,322.5,322,321.5,321,320.5,324,325,325.5,326,326.5
1684112750054375732,322.5,322,321.5,321,320.5,324,325,325.5,326,326.5
1684112751828062007,322.5,322,321.5,321,320.5,324,325,325.5,326,326.5
1684112752580362249,322.5,322,321.5,321,320.5,324,325,325.5,326,326.5
1684112753279901920,322.5,322,321.5,321,320.5,324,325,325.5,326,326.5
1684112753703560674,322.5,322,321.5,321,320.5,324,325,325.5,326,326.5
1684112756299500331,322.5,322,321.5,321,320.5,324,325,325.5,326,326.5
1684112758649402319,322.5,322,321.5,321,320.5,324,325,325.5,326,326.5
1684112758800102282,322.5,322,321.5,321,320.5,323.5,324,325,325.5,326
1684112758832936344,322.5,322,321.5,321,320.5,323.5,324,325,325.5,326
1684112758832961391,322.5,322,321.5,321,320.5,323.5,324,325,325.5,326
1684112758845144374,322.5,322,321.5,321,320.5,323.5,324,325,325.5,326
1684112758845160584,322.5,322,321.5,321,320.5,323.5,324,325,325.5,326
1684112758877599765,322.5,322,321.5,321,320.5,323.5,324,325,325.5,326
1684112762315830093,322.5,322,321.5,321,320.5,323.5,324,325,325.5,326
1684112764002362516,322.5,322,321.5,321,320.5,323.5,324,325,325.5,326
1684112764700130821,322.5,322,321.5,321,320.5,323.5,324,325,325.5,326
1684112765631990768,322.5,322,321.5,321,320.5,323.5,324,325,325.5,326
1684112766063240092,322.5,322,321.5,321,320.5,323.5,324,325,325.5,326
1684112766288596364,322.5,322,321.5,321,320.5,323.5,324,325,325.5,326
1684112767880791740,322.5,322,321.5,321,320.5,323.5,324,325,325.5,326
1684112767926813601,322.5,322,321.5,321,320.5,323.5,324,325,325.5,326
1684112767984242558,322.5,322,321.5,321,320.5,323.5,324,325,325.5,326
1684112768027125967,322,321.5,321,320.5,320,323.5,324,325,325.5,326
1684112768027125967,322,321.5,321,320.5,320,323,323.5,324,325,325.5
1684112768060074574,322,321.5,321,320.5,320,323,323.5,324,325,325.5
1684112768060074574,322,321.5,321,320.5,320,323,323.5,324,325,325.5
1684112768060074574,322,321.5,321,320.5,320,323,323.5,324,325,325.5
1684112768060200120,322,321.5,321,320.5,320,323,323.5,324,325,325.5
1684112768072790237,322,321.5,321,320.5,320,323,323.5,324,325,325.5
1684112768082473115,322,321.5,321,320.5,320,323,323.5,324,325,325.5
1684112768094806279,322,321.5,321,320.5,320,323,323.5,324,324.5,325
1684112770368598470,322.5,322,321.5,321,320.5,323,323.5,324,324.5,325
1684112770389075854,322.5,322,321.5,321,320.5,323,323.5,324,325,325.5
1684112770389240543,322,321.5,321,320.5,320,323,323.5,324,325,325.5
1684112770412275459,322,321.5,321,320.5,320,323,323.5,324,325,325.5
1684112770412275459,322,321.5,321,320.5,320,323,323.5,324,325,325.5
1684112770443810102,322,321.5,321,320.5,320,323,323.5,324,324.5,325
1684112770745794164,322,321.5,321,320.5,320,323,323.5,324,324.5,325
1684112774005954766,321.5,321,320.5,320,319.5,323,323.5,324,324.5,325
1684112774040344469,321.5,321,320.5,320,319.5,323,323.5,324,325,325.5
1684112774040344469,321.5,321,320.5,320,319.5,322.5,323,323.5,324,325
1684112774050398324,321.5,321,320.5,320,319.5,322.5,323,323.5,324,325
1684112774072966924,321.5,321,320.5,320,319.5,322.5,323,323.5,324,325
1684112774072966924,321.5,321,320.5,320,319.5,322.5,323,323.5,324,325
1684112774072966924,321.5,321,320.5,320,319.5,322.5,323,323.5,324,325
1684112774073049880,321.5,321,320.5,320,319.5,322.5,323,323.5,324,325
1684112774085306500,321.5,321,320.5,320,319.5,322.5,323,323.5,324,325
1684112774095472185,321.5,321,320.5,320,319.5,322,322.5,323,323.5,324
1684112774118633047,321.5,321,320.5,320,319.5,322,322.5,323,323.5,324
1684112774140665170,321.5,321,320.5,320,319.5,322.5,323,323.5,324,325
1684112774161094214,321.5,321,320.5,320,319.5,322.5,323,323.5,324,325
1684112774173628926,321.5,321,320.5,320,319.5,322.5,323,323.5,324,325
1684112774563523491,321.5,321,320.5,320,319.5,322.5,323,323.5,324,325
1684112778156096081,322,321.5,321,320.5,320,322.5,323,323.5,324,325
1684112778177199009,322,321.5,321,320.5,320,322.5,323,323.5,324,325
1684112778199874811,322,321.5,321,320.5,320,322.5,323,323.5,324,325
1684112778199874811,322,321.5,321,320.5,320,322.5,323,323.5,324,325
1684112778200144036,322,321.5,321,320.5,320,322.5,323,323.5,324,325
1684112778213530328,322,321.5,321,320.5,320,322.5,323,323.5,324,324.5
1684112778619775519,322,321.5,321,320.5,320,322.5,323,323.5,324,324.5
1684112778827831081,322,321.5,321,320.5,320,322.5,323,323.5,324,324.5
1684112781549293555,321.5,321,320.5,320,319.5,322.5,323,323.5,324,324.5
1684112781570861347,321.5,321,320.5,320,319.5,322.5,323,323.5,324,325
1684112781591538766,321.5,321,320.5,320,319.5,322.5,323,323.5,324,325
1684112785784760681,321.5,321,320.5,320,319.5,322,322.5,323,323.5,324
1684112785819487988,321.5,321,320.5,320,319.5,322.5,323,323.5,324,325
1684112785854627018,321.5,321,320.5,320,319.5,322.5,323,323.5,324,325
1684112786501507236,321.5,321,320.5,320,319.5,322.5,323,323.5,324,325
1684112788260546544,322,321.5,321,320.5,320,322.5,323,323.5,324,325
1684112788294733847,322,321.5,321,320.5,320,322.5,323,323.5,324,325
1684112788304660143,322,321.5,321,320.5,320,322.5,323,323.5,324,325
1684112788339636246,322,321.5,321,320.5,320,322.5,323,323.5,324,324.5
1684112788549010244,322,321.5,321,320.5,320,322.5,323,323.5,324,324.5
1684112789057248016,322,321.5,321,320.5,320,322.5,323,323.5,324,324.5
1684112790857547335,322,321.5,321,320.5,320,322.5,323,323.5,324,324.5
1684112792846354398,322,321.5,321,320.5,320,322.5,323,323.5,324,324.5
1684112795477198075,322,321.5,321,320.5,320,322.5,323,323.5,324,324.5
1684112795877672283,322,321.5,321,320.5,320,322.5,323,323.5,324,324.5
1684112797191917618,322,321.5,321,320.5,320,322.5,323,323.5,324,324.5
1684112801106225653,321.5,321,320.5,320,319.5,322.5,323,323.5,324,324.5
1684112801139724924,321.5,321,320.5,320,319.5,322.5,323,323.5,324,325
1684112801173425123,321.5,321,320.5,320,319.5,322.5,323,323.5,324,325
1684112804797442879,322,321.5,321,320.5,320,322.5,323,323.5,324,325
1684112804832499204,322,321.5,321,320.5,320,322.5,323,323.5,324,325
1684112804865171773,322,321.5,321,320.5,320,322.5,323,323.5,324,324.5
1684112805231228746,322,321.5,321,320.5,320,322.5,323,323.5,324,324.5
1684112811807076398,322,321.5,321,320.5,320,322.5,323,323.5,324,324.5
1684112812916825945,322,321.5,321,320.5,320,322.5,323,323.5,324,324.5
1684112813422630399,322,321.5,321,320.5,320,322.5,323,323.5,324,324.5
1684112814470536711,322,321.5,321,320.5,320,322.5,323,323.5,324,324.5
1684112819623440679,321.5,321,320.5,320,319.5,322.5,323,323.5,324,324.5
1684112819655872787,321.5,321,320.5,320,319.5,322.5,323,323.5,324,325
1684112819687536973,321.5,321,320.5,320,319.5,322.5,323,323.5,324,325
1684112823235738003,321.5,321,320.5,320,319.5,322.5,323,323.5,324,325
1684112824601962384,322,321.5,321,320.5,320,322.5,323,323.5,324,325
1684112824622314884,322,321.5,321,320.5,320,322.5,323,323.5,324,325
1684112824644856984,322,321.5,321,320.5,320,322.5,323,323.5,324,324.5
1684112825192677429,322,321.5,321,320.5,320,322.5,323,323.5,324,324.5
1684112831541012252,322,321.5,321,320.5,320,322.5,323,323.5,324,324.5
1684112835511558661,322,321.5,321,320.5,320,322.5,323,323.5,324,324.5
1684112837619005579,321.5,321,320.5,320,319.5,322.5,323,323.5,324,324.5
1684112837651742710,321.5,321,320.5,320,319.5,322.5,323,323.5,324,325
1684112837674258240,321.5,321,320.5,320,319.5,322.5,323,323.5,324,325
1684112837823756357,321.5,321,320.5,320,319.5,322.5,323,323.5,324,325
1684112838980922995,321.5,321,320.5,320,319.5,322.5,323,323.5,324,325
1684112846760287196,321.5,321,320.5,320,319.5,322,322.5,323,323.5,324
1684112850581941206,321.5,321,320.5,320,319.5,322,322.5,323,323.5,324
1684112853004279590,321.5,321,320.5,320,319.5,322,322.5,323,323.5,324
1684112853015971891,321.5,321,320.5,320,319.5,322,322.5,323,323.5,324
1684112855356937486,321.5,321,320.5,320,319.5,322,322.5,323,323.5,324
1684112859400077564,321.5,321,320.5,320,319.5,322,322.5,323,323.5,324
1684112860859350875,321.5,321,320.5,320,319.5,322,322.5,323,323.5,324
1684112868563635045,321.5,321,320.5,320,319.5,322,322.5,323,323.5,324
1684112868563797480,321.5,321,320.5,320,319.5,322,322.5,323,323.5,324
1684112872668790871,321.5,321,320.5,320,319.5,322,322.5,323,323.5,324
1684112873076490174,321.5,321,320.5,320,319.5,322,322.5,323,323.5,324
1684112880088773306,321.5,321,320.5,320,319.5,322,322.5,323,323.5,324
1684112882457285668,321.5,321,320.5,320,319.5,322,322.5,323,323.5,324
1684112883449665878,321.5,321,320.5,320,319.5,322,322.5,323,323.5,324
1684112883449665878,321.5,321,320.5,320,319.5,322,322.5,323,323.5,324
1684112886875073720,321,320.5,320,319.5,319,322,322.5,323,323.5,324
1684112886907760396,321,320.5,320,319.5,319,322,322.5,323,323.5,324
1684112886917987586,321,320.5,320,319.5,319,322,322.5,323,323.5,324
1684112886928222952,321,320.5,320,319.5,319,322,322.5,323,323.5,324
1684112886938441627,321,320.5,320,319.5,319,322,322.5,323,323.5,324
1684112887207948978,321,320.5,320,319.5,319,322,322.5,323,323.5,324
1684112887972660163,321,320.5,320,319.5,319,321.5,322,322.5,323,323.5
1684112887993497343,321,320.5,320,319.5,319,322,322.5,323,323.5,324
1684112888105887864,321,320.5,320,319.5,319,322,322.5,323,323.5,324
1684112889271274635,321,320.5,320,319.5,319,322,322.5,323,323.5,324
1684112891243367392,321.5,321,320.5,320,319.5,322,322.5,323,323.5,324
1684112891278183776,321.5,321,320.5,320,319.5,322,322.5,323,323.5,324
1684112891312068351,321.5,321,320.5,320,319.5,322,322.5,323,323.5,324
1684112893111176397,321.5,321,320.5,320,319.5,322,322.5,323,323.5,324
1684112893908882266,321.5,321,320.5,320,319.5,322,322.5,323,323.5,324
1684112895171643217,321.5,321,320.5,320,319.5,322,322.5,323,323.5,324
1684112895685294092,321,320.5,320,319.5,319,322,322.5,323,323.5,324
1684112895720289092,321,320.5,320,319.5,319,322,322.5,323,323.5,324
1684112895754310924,321,320.5,320,319.5,319,322,322.5,323,323.5,324
1684112896888848870,321.5,321,320.5,320,319.5,322,322.5,323,323.5,324
1684112896919335435,321.5,321,320.5,320,319.5,322,322.5,323,323.5,324
1684112896950410736,321.5,321,320.5,320,319.5,322,322.5,323,323.5,324
1684112897740659264,321.5,321,320.5,320,319.5,322,322.5,323,323.5,324
1684112901153756786,321,320.5,320,319.5,319,322,322.5,323,323.5,324
1684112901174250631,321,320.5,320,319.5,319,322,322.5,323,323.5,324
1684112901194698751,321,320.5,320,319.5,319,322,322.5,323,323.5,324
1684112901515285559,321,320.5,320,319.5,319,321.5,322,322.5,323,323.5
1684112901550164711,321,320.5,320,319.5,319,322,322.5,323,323.5,324
1684112905148492133,321,320.5,320,319.5,319,322,322.5,323,323.5,324
1684112906603511349,321,320.5,320,319.5,319,322,322.5,323,323.5,324
1684112911235147239,321,320.5,320,319.5,319,322,322.5,323,323.5,324
1684112912320419244,321,320.5,320,319.5,319,322,322.5,323,323.5,324
1684112912644508367,321,320.5,320,319.5,319,322,322.5,323,323.5,324
1684112912752038914,321.5,321,320.5,320,319.5,322,322.5,323,323.5,324
1684112912774214847,321.5,321,320.5,320,319.5,322,322.5,323,323.5,324
1684112912796916046,321.5,321,320.5,320,319.5,322,322.5,323,323.5,324
1684112915195019354,321.5,321,320.5,320,319.5,322,322.5,323,323.5,324
1684112915772859689,321,320.5,320,319.5,319,322,322.5,323,323.5,324
1684112915793019116,321,320.5,320,319.5,319,322,322.5,323,323.5,324
1684112915815493309,321,320.5,320,319.5,319,322,322.5,323,323.5,324
1684112920196172636,321,320.5,320,319.5,319,322,322.5,323,323.5,324
1684112921169194092,321,320.5,320,319.5,319,322,322.5,323,323.5,324
1684112921887839684,321,320.5,320,319.5,319,322,322.5,323,323.5,324
1684112922666146303,321.5,321,320.5,320,319.5,322,322.5,323,323.5,324
1684112922698916535,321.5,321,320.5,320,319.5,322,322.5,323,323.5,324
1684112922731767740,321.5,321,320.5,320,319.5,322,322.5,323,323.5,324
1684112924096635136,321.5,321,320.5,320,319.5,322,322.5,323,323.5,324
1684112925221983931,321.5,321,320.5,320,319.5,322,322.5,323,323.5,324
1684112925745401813,321.5,321,320.5,320,319.5,322,322.5,323,323.5,324
1684112928837853197,321.5,321,320.5,320,319.5,322,322.5,323,323.5,324
1684112933408133992,321.5,321,320.5,320,319.5,322,322.5,323,323.5,324
1684112934677793234,321.5,321,320.5,320,319.5,322,322.5,323,323.5,324
1684112934688033069,321.5,321,320.5,320,319.5,322,322.5,323,323.5,324
1684112936491401675,321.5,321,320.5,320,319.5,322,322.5,323,323.5,324
1684112945101277699,321.5,321,320.5,320,319.5,322,322.5,323,323.5,324
1684112948540880906,321.5,321,320.5,320,319.5,322,322.5,323,323.5,324
1684112949237455472,321.5,321,320.5,320,319.5,322,322.5,323,323.5,324
1684112961341233335,321.5,321,320.5,320,319.5,322,322.5,323,323.5,324
1684112961662536389,321.5,321,320.5,320,319.5,322,322.5,323,323.5,324
1684112961695405266,321.5,321,320.5,320,319.5,322.5,323,323.5,324,325
1684112963326540654,321.5,321,320.5,320,319.5,322.5,323,323.5,324,325
1684112963584697707,321.5,321,320.5,320,319.5,322.5,323,323.5,324,325
1684112963908303022,321.5,321,320.5,320,319.5,322.5,323,323.5,324,325
1684112969270851860,321.5,321,320.5,320,319.5,322.5,323,323.5,324,325
1684112970425313522,321.5,321,320.5,320,319.5,322.5,323,323.5,324,325
1684112972524365815,321.5,321,320.5,320,319.5,322.5,323,323.5,324,325
1684112976794326383,322,321.5,321,320.5,320,322.5,323,323.5,324,325
1684112976829171562,322,321.5,321,320.5,320,322.5,323,323.5,324,325
1684112976859999688,322,321.5,321,320.5,320,322.5,323,323.5,324,324.5
1684112977944557323,322,321.5,321,320.5,320,322.5,323,323.5,324,324.5
1684112979170122164,322,321.5,321,320.5,320,322.5,323,323.5,324,324.5
1684112979625936348,322,321.5,321,320.5,320,322.5,323,323.5,324,324.5
1684112979944297578,322,321.5,321,320.5,320,322.5,323,323.5,324,324.5
1684112980073325374,322,321.5,321,320.5,320,322.5,323,323.5,324,324.5
1684112980682603942,322,321.5,321,320.5,320,322.5,323,323.5,324,324.5
1684112986242867310,321.5,321,320.5,320,319.5,322.5,323,323.5,324,324.5
1684112986275670705,321.5,321,320.5,320,319.5,322.5,323,323.5,324,325
1684112986308475944,321.5,321,320.5,320,319.5,322.5,323,323.5,324,325
1684112988226761516,321.5,321,320.5,320,319.5,322.5,323,323.5,324,325
1684112988369809935,321.5,321,320.5,320,319.5,322.5,323,323.5,324,325
1684112991494114513,321.5,321,320.5,320,319.5,322.5,323,323.5,324,325
1684112991644742161,321.5,321,320.5,320,319.5,322.5,323,323.5,324,325
1684112998411214313,321.5,321,320.5,320,319.5,322.5,323,323.5,324,325
1684113000088592598,321.5,321,320.5,320,319.5,322.5,323,323.5,324,325
1684113004537846833,321.5,321,320.5,320,319.5,322.5,323,323.5,324,325
1684113004907632808,321.5,321,320.5,320,319.5,322.5,323,323.5,324,325
1684113005035572963,321.5,321,320.5,320,319.5,322.5,323,323.5,324,325
1684113005848746783,322,321.5,321,320.5,320,322.5,323,323.5,324,325
1684113005879958961,322,321.5,321,320.5,320,322.5,323,323.5,324,325
1684113005914199383,322,321.5,321,320.5,320,322.5,323,323.5,324,324.5
1684113012458560457,322,321.5,321,320.5,320,322.5,323,323.5,324,324.5
1684113012937888826,322,321.5,321,320.5,320,322.5,323,323.5,324,324.5
1684113013620535685,322,321.5,321,320.5,320,322.5,323,323.5,324,324.5
1684113016844578083,322,321.5,321,320.5,320,322.5,323,323.5,324,324.5
1684113017818569742,322,321.5,321,320.5,320,322.5,323,323.5,324,324.5
1684113020527877268,322,321.5,321,320.5,320,322.5,323,323.5,324,324.5
1684113023488383253,322,321.5,321,320.5,320,322.5,323,323.5,324,324.5
1684113034463648265,322,321.5,321,320.5,320,322.5,323,323.5,324,324.5
1684113036302788492,322,321.5,321,320.5,320,322.5,323,323.5,324,324.5
1684113041095176850,322,321.5,321,320.5,320,322.5,323,323.5,324,324.5
1684113043203792209,322,321.5,321,320.5,320,322.5,323,323.5,324,324.5
1684113060763338550,322,321.5,321,320.5,320,322.5,323,323.5,324,324.5
1684113067110155470,322,321.5,321,320.5,320,322.5,323,323.5,324,324.5
1684113070110456840,322,321.5,321,320.5,320,322.5,323,323.5,324,324.5
1684113070636948975,322,321.5,321,320.5,320,322.5,323,323.5,324,324.5
1684113072596849478,322,321.5,321,320.5,320,322.5,323,323.5,324,324.5
1684113074996476152,322,321.5,321,320.5,320,322.5,323,323.5,324,324.5
1684113076217592203,322,321.5,321,320.5,320,322.5,323,323.5,324,324.5
1684113082331029759,322,321.5,321,320.5,320,322.5,323,323.5,324,324.5
1684113083626051240,322,321.5,321,320.5,320,322.5,323,323.5,324,324.5
1684113084679126362,322,321.5,321,320.5,320,322.5,323,323.5,324,324.5
1684113091894458223,322,321.5,321,320.5,320,322.5,323,323.5,324,324.5
1684113102150651223,322,321.5,321,320.5,320,322.5,323,323.5,324,324.5
1684113108040801954,322,321.5,321,320.5,320,322.5,323,323.5,324,324.5
1684113110669371597,322,321.5,321,320.5,320,322.5,323,323.5,324,324.5
1684113113422196957,322,321.5,321,320.5,320,322.5,323,323.5,324,324.5
1684113119286546800,322,321.5,321,320.5,320,322.5,323,323.5,324,324.5
1684113119575293974,321.5,321,320.5,320,319.5,322.5,323,323.5,324,324.5
1684113119606073459,321.5,321,320.5,320,319.5,322.5,323,323.5,324,325
1684113119637808429,321.5,321,320.5,320,319.5,322.5,323,323.5,324,325
1684113126800889028,321.5,321,320.5,320,319.5,322,322.5,323,323.5,324
1684113126835457256,321.5,321,320.5,320,319.5,322.5,323,323.5,324,325
1684113127983501864,321.5,321,320.5,320,319.5,322.5,323,323.5,324,325
1684113130876880169,321.5,321,320.5,320,319.5,322.5,323,323.5,324,325
1684113133725178662,321.5,321,320.5,320,319.5,322,322.5,323,323.5,324
1684113133758556946,321.5,321,320.5,320,319.5,322.5,323,323.5,324,325
1684113133758556946,321.5,321,320.5,320,319.5,323,323.5,324,325,325.5
1684113137304041165,321.5,321,320.5,320,319.5,323,323.5,324,325,325.5
1684113137338929655,321.5,321,320.5,320,319.5,323,323.5,324,325,325.5
1684113148753433685,321.5,321,320.5,320,319.5,322.5,323,323.5,324,325
1684113148775119318,321.5,321,320.5,320,319.5,322.5,323,323.5,324,325
1684113150828130540,321.5,321,320.5,320,319.5,322.5,323,323.5,324,325
1684113158748883576,321.5,321,320.5,320,319.5,323,323.5,324,325,325.5
1684113158784438978,321.5,321,320.5,320,319.5,323,323.5,324,325,325.5
1684113158818015996,321.5,321,320.5,320,319.5,323,323.5,324,325,325.5
1684113161182014094,321.5,321,320.5,320,319.5,323,323.5,324,325,325.5
1684113165250377698,321.5,321,320.5,320,319.5,323,323.5,324,325,325.5
1684113169450905878,322,321.5,321,320.5,320,323,323.5,324,325,325.5
1684113169471237889,322,321.5,321,320.5,320,323,323.5,324,325,325.5
1684113169471287322,322,321.5,321,320.5,320,323,323.5,324,325,325.5
1684113169471287322,322,321.5,321,320.5,320,323,323.5,324,325,325.5
1684113169491858172,322,321.5,321,320.5,320,323,323.5,324,324.5,325
1684113175539711580,322,321.5,321,320.5,320,323,323.5,324,324.5,325
1684113176348393389,322.5,322,321.5,321,320.5,323,323.5,324,324.5,325
1684113176381338971,322.5,322,321.5,321,320.5,323,323.5,324,325,325.5
1684113176381338971,322.5,322,321.5,321,320.5,323,323.5,324,325,325.5
1684113176411897892,322.5,322,321.5,321,320.5,323,323.5,324,325,325.5
1684113178847167226,322.5,322,321.5,321,320.5,323,323.5,324,325,325.5
1684113178847167226,322.5,322,321.5,321,320.5,323,323.5,324,325,325.5
1684113182554053524,322.5,322,321.5,321,320.5,323,323.5,324,325,325.5
1684113183170394913,322.5,322,321.5,321,320.5,323,323.5,324,325,325.5
1684113192833074958,322,321.5,321,320.5,320,323,323.5,324,325,325.5
1684113192853411969,322,321.5,321,320.5,320,323,323.5,324,325,325.5
1684113192886327875,322,321.5,321,320.5,320,323,323.5,324,324.5,325
1684113193873587486,322,321.5,321,320.5,320,323,323.5,324,324.5,325
1684113194442882090,322.5,322,321.5,321,320.5,323,323.5,324,324.5,325
1684113194475685415,322.5,322,321.5,321,320.5,323,323.5,324,325,325.5
1684113194500167848,322.5,322,321.5,321,320.5,323,323.5,324,325,325.5
1684113197896029890,322.5,322,321.5,321,320.5,323,323.5,324,325,325.5
1684113199138837217,322.5,322,321.5,321,320.5,323,323.5,324,325,325.5
1684113201332307869,322,321.5,321,320.5,320,323,323.5,324,325,325.5
1684113201365049818,322,321.5,321,320.5,320,323,323.5,324,325,325.5
1684113201397806867,322,321.5,321,320.5,320,323,323.5,324,324.5,325
1684113201907723294,322,321.5,321,320.5,320,323,323.5,324,324.5,325
1684113205799037257,322,321.5,321,320.5,320,323,323.5,324,324.5,325
1684113213311165028,322,321.5,321,320.5,320,323,323.5,324,324.5,325
1684113220511967598,322,321.5,321,320.5,320,323,323.5,324,324.5,325
1684113223668077450,322,321.5,321,320.5,320,323,323.5,324,324.5,325
1684113227493663568,322,321.5,321,320.5,320,323,323.5,324,324.5,325
1684113227524415772,322,321.5,321,320.5,320,323,323.5,324,324.5,325
1684113227534714497,322,321.5,321,320.5,320,322.5,323,323.5,324,324.5
1684113229009317407,322,321.5,321,320.5,320,322.5,323,323.5,324,324.5
1684113229449609782,322,321.5,321,320.5,320,322.5,323,323.5,324,324.5
1684113229965713967,322,321.5,321,320.5,320,322.5,323,323.5,324,324.5
1684113229978805865,322,321.5,321,320.5,320,322.5,323,323.5,324,324.5
1684113235751315148,322,321.5,321,320.5,320,322.5,323,323.5,324,324.5
1684113242957288618,322,321.5,321,320.5,320,322.5,323,323.5,324,324.5
1684113243444584378,322,321.5,321,320.5,320,322.5,323,323.5,324,324.5
1684113252048712255,322,321.5,321,320.5,320,323,323.5,324,324.5,325
1684113257725523557,322,321.5,321,320.5,320,323,323.5,324,324.5,325
1684113266227004998,322,321.5,321,320.5,320,323,323.5,324,324.5,325
1684113270441986099,322,321.5,321,320.5,320,323,323.5,324,324.5,325
1684113279480905318,322,321.5,321,320.5,320,323,323.5,324,324.5,325
1684113281143709639,322,321.5,321,320.5,320,322.5,323,323.5,324,324.5
1684113296706770925,322,321.5,321,320.5,320,322.5,323,323.5,324,324.5
1684113298838705222,322,321.5,321,320.5,320,322.5,323,323.5,324,324.5
1684113307231455417,322,321.5,321,320.5,320,322.5,323,323.5,324,324.5
1684113310165410440,322,321.5,321,320.5,320,322.5,323,323.5,324,324.5
1684113327361588881,322,321.5,321,320.5,320,322.5,323,323.5,324,324.5
1684113340346991816,322,321.5,321,320.5,320,322.5,323,323.5,324,324.5
1684113344201520789,322,321.5,321,320.5,320,322.5,323,323.5,324,324.5
1684113347407843667,322,321.5,321,320.5,320,322.5,323,323.5,324,324.5
1684113358110863895,322,321.5,321,320.5,320,323,323.5,324,324.5,325
1684113368037120267,322,321.5,321,320.5,320,323,323.5,324,324.5,325
1684113368059668689,322,321.5,321,320.5,320,323,323.5,324,324.5,325
1684113368396607179,322,321.5,321,320.5,320,323,323.5,324,324.5,325
1684113368429490444,322,321.5,321,320.5,320,323,323.5,324,324.5,325
1684113369620875704,322,321.5,321,320.5,320,323,323.5,324,324.5,325
1684113375004738243,322,321.5,321,320.5,320,323,323.5,324,324.5,325
1684113380844697079,322,321.5,321,320.5,320,323,323.5,324,324.5,325
1684113385533420063,322,321.5,321,320.5,320,323,323.5,324,324.5,325
1684113385564193797,322,321.5,321,320.5,320,323,323.5,324,324.5,325
1684113387034124149,322,321.5,321,320.5,320,323,323.5,324,324.5,325
1684113388523547167,322,321.5,321,320.5,320,323,323.5,324,324.5,325
1684113393111252479,322,321.5,321,320.5,320,322.5,323,323.5,324,324.5
1684113393145953126,322,321.5,321,320.5,320,322.5,323,323.5,324,324.5
1684113393158358817,322,321.5,321,320.5,320,322.5,323,323.5,324,324.5
1684113393190971865,322,321.5,321,320.5,320,322.5,323,323.5,324,324.5
1684113393236232617,322,321.5,321,320.5,320,322.5,323,323.5,324,324.5
1684113394426015109,322,321.5,321,320.5,320,322.5,323,323.5,324,324.5
1684113400008933118,322,321.5,321,320.5,320,323,323.5,324,324.5,325
1684113400060164700,322,321.5,321,320.5,320,323,323.5,324,324.5,325
1684113400090867963,322,321.5,321,320.5,320,323,323.5,324,324.5,325
1684113400125861860,322,321.5,321,320.5,320,323,323.5,324,324.5,325
1684113401548613409,322,321.5,321,320.5,320,323,323.5,324,324.5,325
1684113401579886862,322,321.5,321,320.5,320,323,323.5,324,324.5,325
1684113406683251937,322,321.5,321,320.5,320,323,323.5,324,324.5,325
1684113406728455272,322,321.5,321,320.5,320,323,323.5,324,324.5,325
1684113407911141521,322,321.5,321,320.5,320,323,323.5,324,324.5,325
1684113418150373963,322,321.5,321,320.5,320,323,323.5,324,324.5,325
1684113418180928937,322,321.5,321,320.5,320,323,323.5,324,324.5,325
1684113423078792223,322,321.5,321,320.5,320,323,323.5,324,324.5,325
1684113436801747062,322,321.5,321,320.5,320,323,323.5,324,324.5,325
1684113436824245911,322,321.5,321,320.5,320,323,323.5,324,324.5,325
1684113476830291592,322,321.5,321,320.5,320,323,323.5,324,324.5,325
1684113487436861686,322,321.5,321,320.5,320,323,323.5,324,324.5,325
1684113487857755945,322,321.5,321,320.5,320,323,323.5,324,324.5,325
1684113491870983397,322,321.5,321,320.5,320,323,323.5,324,324.5,325
1684113499035892101,322,321.5,321,320.5,320,323,323.5,324,324.5,325
1684113504466272825,322,321.5,321,320.5,320,323,323.5,324,324.5,325
1684113511197040883,322,321.5,321,320.5,320,323,323.5,324,324.5,325
1684113516797662930,322,321.5,321,320.5,320,323,323.5,324,324.5,325
1684113524717119239,322.5,322,321.5,321,320.5,323,323.5,324,324.5,325
1684113524749917164,322.5,322,321.5,321,320.5,323,323.5,324,325,325.5
1684113524760208815,322,321.5,321,320.5,320,323,323.5,324,325,325.5
1684113524782781543,322,321.5,321,320.5,320,323,323.5,324,325,325.5
1684113524792923724,322,321.5,321,320.5,320,323,323.5,324,325,325.5
1684113524813362456,322,321.5,321,320.5,320,323,323.5,324,325,325.5
1684113524934172886,322.5,322,321.5,321,320.5,323,323.5,324,325,325.5
1684113524964819743,322.5,322,321.5,321,320.5,323,323.5,324,325,325.5
1684113524999682865,322.5,322,321.5,321,320.5,323,323.5,324,325,325.5
1684113536140973254,322.5,322,321.5,321,320.5,323,323.5,324,325,325.5
1684113537113656094,322.5,322,321.5,321,320.5,323,323.5,324,325,325.5
1684113537146410537,322.5,322,321.5,321,320.5,323,323.5,324,325,325.5
1684113537177191105,322.5,322,321.5,321,320.5,323.5,324,325,325.5,326
1684113537197675903,322.5,322,321.5,321,320.5,323.5,324,325,325.5,326
1684113537197675903,322.5,322,321.5,321,320.5,323.5,324,325,325.5,326
1684113537218091942,322.5,322,321.5,321,320.5,323.5,324,325,325.5,326
1684113537218091942,322.5,322,321.5,321,320.5,323.5,324,325,325.5,326
1684113537218091942,322.5,322,321.5,321,320.5,323.5,324,325,325.5,326
1684113537281442196,322.5,322,321.5,321,320.5,323.5,324,325,325.5,326
1684113537302088809,322,321.5,321,320.5,320,323.5,324,325,325.5,326
1684113537324606353,322,321.5,321,320.5,320,323.5,324,325,325.5,326
1684113537334903225,322,321.5,321,320.5,320,323.5,324,325,325.5,326
1684113537345132008,322,321.5,321,320.5,320,323.5,324,325,325.5,326
1684113537345132008,322,321.5,321,320.5,320,323.5,324,325,325.5,326
1684113546106386897,322,321.5,321,320.5,320,323.5,324,325,325.5,326
1684113548537577809,322.5,322,321.5,321,320.5,323.5,324,325,325.5,326
1684113548560172037,322.5,322,321.5,321,320.5,323.5,324,325,325.5,326
1684113548560226399,322.5,322,321.5,321,320.5,323.5,324,325,325.5,326
1684113548582666789,322.5,322,321.5,321,320.5,323.5,324,325,325.5,326
1684113552805755490,322.5,322,321.5,321,320.5,323.5,324,325,325.5,326
1684113554718536225,322.5,322,321.5,321,320.5,323.5,324,325,325.5,326
1684113555465999106,322.5,322,321.5,321,320.5,323.5,324,325,325.5,326
1684113557841929983,322.5,322,321.5,321,320.5,323.5,324,325,325.5,326
1684113558097802820,322.5,322,321.5,321,320.5,323.5,324,325,325.5,326
1684113558554603059,322.5,322,321.5,321,320.5,323.5,324,325,325.5,326
1684113565198300476,322.5,322,321.5,321,320.5,323.5,324,325,325.5,326
1684113576523725978,322.5,322,321.5,321,320.5,323.5,324,325,325.5,326
1684113576533994917,322.5,322,321.5,321,320.5,323.5,324,325,325.5,326
1684113587143888537,322.5,322,321.5,321,320.5,323.5,324,325,325.5,326
1684113590666465976,322.5,322,321.5,321,320.5,323.5,324,325,325.5,326
1684113602468118514,322.5,322,321.5,321,320.5,323.5,324,325,325.5,326
1684113603840308001,322.5,322,321.5,321,320.5,323,323.5,324,325,325.5
1684113603875128814,322.5,322,321.5,321,320.5,323,323.5,324,325,325.5
1684113603875217551,322.5,322,321.5,321,320.5,323.5,324,325,325.5,326
1684113603875217551,323,322.5,322,321.5,321,323.5,324,325,325.5,326
1684113603909917236,323,322.5,322,321.5,321,323.5,324,325,325.5,326
1684113603909917236,323,322.5,322,321.5,321,324,325,325.5,326,326.5
1684113603955009923,323,322.5,322,321.5,321,324,325,325.5,326,326.5
1684113603955009923,323,322.5,322,321.5,321,324,325,325.5,326,326.5
1684113603955009923,323,322.5,322,321.5,321,324,325,325.5,326,326.5
1684113603955131502,323,322.5,322,321.5,321,324,325,325.5,326,326.5
1684113603988196518,323,322.5,322,321.5,321,324,325,325.5,326,326.5
1684113605486984242,323,322.5,322,321.5,321,324,325,325.5,326,326.5
1684113605528112687,323,322.5,322,321.5,321,324,325,325.5,326,326.5
1684113605562794940,323,322.5,322,321.5,321,325,325.5,326,326.5,327
1684113605595507645,323.5,323,322.5,322,321.5,325,325.5,326,326.5,327
1684113605595507645,323.5,323,322.5,322,321.5,325,325.5,326,326.5,327
1684113605618017605,323.5,323,322.5,322,321.5,325,325.5,326,326.5,327
1684113605630410311,323.5,323,322.5,322,321.5,325,325.5,326,326.5,327
1684113605630499078,323.5,323,322.5,322,321.5,325,325.5,326,326.5,327
1684113605630499078,323.5,323,322.5,322,321.5,325,325.5,326,326.5,327
1684113605630499078,323.5,323,322.5,322,321.5,325,325.5,326,326.5,327
1684113605652858976,323.5,323,322.5,322,321.5,325,325.5,326,326.5,327
1684113609357757537,323.5,323,322.5,322,321.5,325,325.5,326,326.5,327
1684113609380308154,323.5,323,322.5,322,321.5,325,325.5,326,326.5,327
1684113609390499477,324,323.5,323,322.5,322,325,325.5,326,326.5,327
1684113609402773290,323.5,323,322.5,322,321.5,325,325.5,326,326.5,327
1684113609402773290,323.5,323,322.5,322,321.5,325,325.5,326,326.5,327
1684113609412849848,323.5,323,322.5,322,321.5,325,325.5,326,326.5,327
1684113609425260738,323.5,323,322.5,322,321.5,325,325.5,326,326.5,327
1684113615420845128,323.5,323,322.5,322,321.5,325,325.5,326,326.5,327
1684113615853029163,323.5,323,322.5,322,321.5,325,325.5,326,326.5,327
1684113618822451567,323.5,323,322.5,322,321.5,324.5,325,325.5,326,326.5
1684113618853635151,323.5,323,322.5,322,321.5,324.5,325,325.5,326,326.5
1684113618863434789,323.5,323,322.5,322,321.5,324.5,325,325.5,326,326.5
1684113618863434789,323.5,323,322.5,322,321.5,324.5,325,325.5,326,326.5
1684113618886057060,323.5,323,322.5,322,321.5,324.5,325,325.5,326,326.5
1684113621813124597,323.5,323,322.5,322,321.5,324.5,325,325.5,326,326.5
1684113624139280347,323.5,323,322.5,322,321.5,324.5,325,325.5,326,326.5
1684113629342284994,323.5,323,322.5,322,321.5,324.5,325,325.5,326,326.5
1684113632244308483,323.5,323,322.5,322,321.5,324.5,325,325.5,326,326.5
1684113636825964526,323.5,323,322.5,322,321.5,324.5,325,325.5,326,326.5
1684113638701710915,323.5,323,322.5,322,321.5,324.5,325,325.5,326,326.5
1684113640919715853,323.5,323,322.5,322,321.5,324.5,325,325.5,326,326.5
1684113641003703402,323.5,323,322.5,322,321.5,324.5,325,325.5,326,326.5
1684113644087946522,324,323.5,323,322.5,322,324.5,325,325.5,326,326.5
1684113644118813071,324,323.5,323,322.5,322,324.5,325,325.5,326,326.5
1684113644118813071,324,323.5,323,322.5,322,324.5,325,325.5,326,326.5
1684113644118813071,324,323.5,323,322.5,322,324.5,325,325.5,326,326.5
1684113644537763241,324,323.5,323,322.5,322,324.5,325,325.5,326,326.5
1684113645797123153,324,323.5,323,322.5,322,324.5,325,325.5,326,326.5
1684113647683361690,324,323.5,323,322.5,322,324.5,325,325.5,326,326.5
1684113651767243199,324,323.5,323,322.5,322,324.5,325,325.5,326,326.5
1684113651990371061,324,323.5,323,322.5,322,324.5,325,325.5,326,326.5
1684113655117667580,324,323.5,323,322.5,322,324.5,325,325.5,326,326.5
1684113656844141875,324,323.5,323,322.5,322,324.5,325,325.5,326,326.5
1684113658343426413,324,323.5,323,322.5,322,324.5,325,325.5,326,326.5
1684113661972520050,323.5,323,322.5,322,321.5,324.5,325,325.5,326,326.5
1684113662775259860,323.5,323,322.5,322,321.5,325,325.5,326,326.5,327
1684113662795786787,323.5,323,322.5,322,321.5,325,325.5,326,326.5,327
1684113662795786787,323.5,323,322.5,322,321.5,325,325.5,326,326.5,327
1684113662795786787,323.5,323,322.5,322,321.5,325,325.5,326,326.5,327
1684113662816235728,323.5,323,322.5,322,321.5,325,325.5,326,326.5,327
1684113664700479401,323.5,323,322.5,322,321.5,325,325.5,326,326.5,327
1684113665159114576,324.5,323.5,323,322.5,322,325,325.5,326,326.5,327
1684113665179658916,324.5,323.5,323,322.5,322,325,325.5,326,326.5,327
1684113665179658916,324.5,323.5,323,322.5,322,325,325.5,326,326.5,327
1684113672491028857,324.5,323.5,323,322.5,322,325,325.5,326,326.5,327
1684113672574999214,324.5,323.5,323,322.5,322,325,325.5,326,326.5,327
1684113672626167177,324.5,323.5,323,322.5,322,325,325.5,326,326.5,327
1684113672740849081,324.5,323.5,323,322.5,322,325,325.5,326,326.5,327
1684113673709696463,324.5,323.5,323,322.5,322,325,325.5,326,326.5,327
1684113674248199302,324.5,323.5,323,322.5,322,325,325.5,326,326.5,327
1684113675210803252,324.5,323.5,323,322.5,322,325,325.5,326,326.5,327
1684113675733043159,324.5,323.5,323,322.5,322,325,325.5,326,326.5,327
1684113676437445920,324.5,323.5,323,322.5,322,325,325.5,326,326.5,327
1684113677172704591,324.5,323.5,323,322.5,322,325,325.5,326,326.5,327
1684113678784640151,324.5,323.5,323,322.5,322,325,325.5,326,326.5,327
1684113679839412789,324.5,323.5,323,322.5,322,325,325.5,326,326.5,327
1684113680074812059,324.5,323.5,323,322.5,322,325,325.5,326,326.5,327
1684113680888043306,324.5,323.5,323,322.5,322,325,325.5,326,326.5,327
1684113684441225628,324.5,323.5,323,322.5,322,325,325.5,326,326.5,327
1684113689124209117,324.5,323.5,323,322.5,322,325,325.5,326,326.5,327
1684113690172564207,324.5,323.5,323,322.5,322,325,325.5,326,326.5,327
1684113695181978561,324.5,323.5,323,322.5,322,325,325.5,326,326.5,327
1684113695204733852,324.5,323.5,323,322.5,322,325,325.5,326,326.5,327
1684113697617135935,324.5,323.5,323,322.5,322,325,325.5,326,326.5,327
1684113698649487409,324.5,323.5,323,322.5,322,325,325.5,326,326.5,327
1684113699149109544,324.5,323.5,323,322.5,322,325,325.5,326,326.5,327
1684113703768387363,324,323.5,323,322.5,322,325,325.5,326,326.5,327
1684113704640893102,324,323.5,323,322.5,322,324.5,325,325.5,326,326.5
1684113704681812535,324,323.5,323,322.5,322,324.5,325,325.5,326,326.5
1684113704866221325,324,323.5,323,322.5,322,324.5,325,325.5,326,326.5
1684113707000177121,324,323.5,323,322.5,322,324.5,325,325.5,326,326.5
1684113710625224394,323.5,323,322.5,322,321.5,324.5,325,325.5,326,326.5
1684113710655915934,323.5,323,322.5,322,321.5,324.5,325,325.5,326,326.5
1684113710686567340,323.5,323,322.5,322,321.5,324.5,325,325.5,326,326.5
1684113718086121142,323.5,323,322.5,322,321.5,324.5,325,325.5,326,326.5
1684113718118884793,323.5,323,322.5,322,321.5,324.5,325,325.5,326,326.5
1684113720269203719,323.5,323,322.5,322,321.5,324.5,325,325.5,326,326.5
1684113720302256904,323.5,323,322.5,322,321.5,324.5,325,325.5,326,326.5
1684113720703642088,323.5,323,322.5,322,321.5,324.5,325,325.5,326,326.5
1684113724285543790,324,323.5,323,322.5,322,324.5,325,325.5,326,326.5
1684113724318530068,324,323.5,323,322.5,322,324.5,325,325.5,326,326.5
1684113725408848040,324,323.5,323,322.5,322,324.5,325,325.5,326,326.5
1684113727569371625,324,323.5,323,322.5,322,324.5,325,325.5,326,326.5
1684113731845792694,324,323.5,323,322.5,322,324.5,325,325.5,326,326.5
1684113732712104475,324,323.5,323,322.5,322,324.5,325,325.5,326,326.5
1684113735314105744,324,323.5,323,322.5,322,324.5,325,325.5,326,326.5
1684113737247512989,324,323.5,323,322.5,322,324.5,325,325.5,326,326.5
1684113739547515934,324,323.5,323,322.5,322,324.5,325,325.5,326,326.5
1684113740864302070,324,323.5,323,322.5,322,324.5,325,325.5,326,326.5
1684113753961477761,324,323.5,323,322.5,322,324.5,325,325.5,326,326.5
1684113754164090798,324,323.5,323,322.5,322,324.5,325,325.5,326,326.5
1684113755302825439,324,323.5,323,322.5,322,324.5,325,325.5,326,326.5
1684113756671946048,324,323.5,323,322.5,322,324.5,325,325.5,326,326.5
1684113756682171886,324,323.5,323,322.5,322,324.5,325,325.5,326,326.5
1684113756929907777,324,323.5,323,322.5,322,324.5,325,325.5,326,326.5
1684113756940193037,324,323.5,323,322.5,322,325,325.5,326,326.5,327
1684113756950251210,324,323.5,323,322.5,322,325,325.5,326,326.5,327
1684113756950251210,324,323.5,323,322.5,322,325,325.5,326,326.5,327
1684113756960698835,324,323.5,323,322.5,322,325,325.5,326,326.5,327
1684113764392028408,324,323.5,323,322.5,322,325,325.5,326,326.5,327
1684113766396980684,324,323.5,323,322.5,322,325,325.5,326,326.5,327
1684113771329553430,324,323.5,323,322.5,322,324.5,325,325.5,326,326.5
1684113771360414208,324,323.5,323,322.5,322,324.5,325,325.5,326,326.5
1684113771360414208,324,323.5,323,322.5,322,324.5,325,325.5,326,326.5
1684113771360414208,324,323.5,323,322.5,322,325,325.5,326,326.5,327
1684113771360439415,324.5,324,323.5,323,322.5,325,325.5,326,326.5,327
1684113771393129628,324.5,324,323.5,323,322.5,325,325.5,326,326.5,327
1684113771393129628,324.5,324,323.5,323,322.5,325,325.5,326,326.5,327
1684113771393129628,324.5,324,323.5,323,322.5,325,325.5,326,326.5,327
1684113771423847869,324.5,324,323.5,323,322.5,325,325.5,326,326.5,327
1684113771454703808,324.5,324,323.5,323,322.5,325,325.5,326,326.5,327
1684113771454703808,324.5,324,323.5,323,322.5,325.5,326,326.5,327,327.5
1684113771454703808,324.5,324,323.5,323,322.5,325.5,326,326.5,327,327.5
1684113771489434692,324.5,324,323.5,323,322.5,325.5,326,326.5,327,327.5
1684113771489434692,324.5,324,323.5,323,322.5,325.5,326,326.5,327,327.5
1684113771489434692,324.5,324,323.5,323,322.5,325.5,326,326.5,327,327.5
1684113771489490006,324.5,324,323.5,323,322.5,325.5,326,326.5,327,327.5
1684113771522159841,324.5,324,323.5,323,322.5,325.5,326,326.5,327,327.5
1684113776859376780,324.5,324,323.5,323,322.5,325.5,326,326.5,327,327.5
1684113779757135990,325,324.5,324,323.5,323,325.5,326,326.5,327,327.5
1684113779777654441,325,324.5,324,323.5,323,325.5,326,326.5,327,327.5
1684113779777654441,325,324.5,324,323.5,323,325.5,326,326.5,327,327.5
1684113779787943578,325,324.5,324,323.5,323,325.5,326,326.5,327,327.5
1684113780076725930,325,324.5,324,323.5,323,325.5,326,326.5,327,327.5
1684113783298317065,325,324.5,324,323.5,323,325.5,326,326.5,327,327.5
1684113784569088303,325,324.5,324,323.5,323,326,326.5,327,327.5,328
1684113784601892640,325,324.5,324,323.5,323,326,326.5,327,327.5,328
1684113784632697433,325,324.5,324,323.5,323,326,326.5,327,327.5,328
1684113784632894503,325,324.5,324,323.5,323,326,326.5,327,327.5,328
1684113787163818573,325,324.5,324,323.5,323,326,326.5,327,327.5,328
1684113787592059447,325,324.5,324,323.5,323,326,326.5,327,327.5,328
1684113788630345504,325,324.5,324,323.5,323,326,326.5,327,327.5,328
1684113791112977130,325,324.5,324,323.5,323,326,326.5,327,327.5,328
1684113791626521323,325.5,325,324.5,324,323.5,326,326.5,327,327.5,328
1684113791659407964,325.5,325,324.5,324,323.5,326,326.5,327,327.5,328
1684113791659407964,325.5,325,324.5,324,323.5,326,326.5,327,327.5,328
1684113794846149212,325.5,325,324.5,324,323.5,326,326.5,327,327.5,328
1684113795013953860,325.5,325,324.5,324,323.5,326,326.5,327,327.5,328
1684113800092996222,325.5,325,324.5,324,323.5,326,326.5,327,327.5,328
1684113801942440846,325.5,325,324.5,324,323.5,326,326.5,327,327.5,328
1684113802460543217,325.5,325,324.5,324,323.5,326,326.5,327,327.5,328
1684113802491325578,325.5,325,324.5,324,323.5,326,326.5,327,327.5,328
1684113802491325578,325.5,325,324.5,324,323.5,326,326.5,327,327.5,328
1684113802790366410,325.5,325,324.5,324,323.5,326,326.5,327,327.5,328
1684113803570532681,325.5,325,324.5,324,323.5,326,326.5,327,327.5,328
1684113804135933180,325.5,325,324.5,324,323.5,326,326.5,327,327.5,328
1684113805153519496,325.5,325,324.5,324,323.5,326,326.5,327,327.5,328
1684113806076422002,325.5,325,324.5,324,323.5,326,326.5,327,327.5,328
1684113806967367912,325.5,325,324.5,324,323.5,326,326.5,327,327.5,328
1684113808450959341,325.5,325,324.5,324,323.5,326,326.5,327,327.5,328
1684113809630587175,325.5,325,324.5,324,323.5,326,326.5,327,327.5,328
1684113814060698999,325.5,325,324.5,324,323.5,326,326.5,327,327.5,328
1684113814793749185,325.5,325,324.5,324,323.5,326,326.5,327,327.5,328
1684113816254055869,325.5,325,324.5,324,323.5,326,326.5,327,327.5,328
1684113817685420416,325.5,325,324.5,324,323.5,326,326.5,327,327.5,328
1684113819238060939,325.5,325,324.5,324,323.5,326,326.5,327,327.5,328
1684113820207673619,325.5,325,324.5,324,323.5,326,326.5,327,327.5,328
1684113820725964183,325.5,325,324.5,324,323.5,326,326.5,327,327.5,328
1684113823748793792,325.5,325,324.5,324,323.5,326,326.5,327,327.5,328
1684113824686692613,325.5,325,324.5,324,323.5,326,326.5,327,327.5,328
1684113825015437361,325.5,325,324.5,324,323.5,326,326.5,327,327.5,328
1684113825554156538,325.5,325,324.5,324,323.5,326,326.5,327,327.5,328
1684113826143864321,325.5,325,324.5,324,323.5,326,326.5,327,327.5,328
1684113826727550930,325.5,325,324.5,324,323.5,326,326.5,327,327.5,328
1684113827088252044,325.5,325,324.5,324,323.5,326,326.5,327,327.5,328
1684113828845217698,325.5,325,324.5,324,323.5,326,326.5,327,327.5,328
1684113829348971020,325.5,325,324.5,324,323.5,326,326.5,327,327.5,328
1684113830655702861,325.5,325,324.5,324,323.5,326,326.5,327,327.5,328
1684113832830711854,325.5,325,324.5,324,323.5,326,326.5,327,327.5,328
1684113834887992293,325.5,325,324.5,324,323.5,326,326.5,327,327.5,328
1684113835119345027,325.5,325,324.5,324,323.5,326,326.5,327,327.5,328
1684113836680076309,325.5,325,324.5,324,323.5,326,326.5,327,327.5,328
1684113836981160778,326,325.5,325,324.5,324,326.5,327,327.5,328,328.5
1684113837013898520,326,325.5,325,324.5,324,326.5,327,327.5,328,328.5
1684113837013976957,325.5,325,324.5,324,323.5,326.5,327,327.5,328,328.5
1684113837013976957,325.5,325,324.5,324,323.5,326.5,327,327.5,328,328.5
1684113837046694973,325.5,325,324.5,324,323.5,326.5,327,327.5,328,328.5
1684113837081775192,325.5,325,324.5,324,323.5,326.5,327,327.5,328,328.5
1684113840651049504,326,325.5,325,324.5,324,326.5,327,327.5,328,328.5
1684113840671738986,326,325.5,325,324.5,324,326.5,327,327.5,328,328.5
1684113843194935671,326,325.5,325,324.5,324,326.5,327,327.5,328,328.5
1684113843954704188,326,325.5,325,324.5,324,326.5,327,327.5,328,328.5
1684113850716090693,326,325.5,325,324.5,324,326.5,327,327.5,328,328.5
1684113851996100787,326,325.5,325,324.5,324,326.5,327,327.5,328,328.5
1684113852028924280,325.5,325,324.5,324,323.5,326.5,327,327.5,328,328.5
1684113859004544110,325.5,325,324.5,324,323.5,326.5,327,327.5,328,328.5
1684113859014780237,325.5,325,324.5,324,323.5,326.5,327,327.5,328,328.5
1684113859037212131,325.5,325,324.5,324,323.5,326.5,327,327.5,328,328.5
1684113859037269519,325.5,325,324.5,324,323.5,326.5,327,327.5,328,328.5
1684113860450351463,325.5,325,324.5,324,323.5,326.5,327,327.5,328,328.5
1684113862445106427,325.5,325,324.5,324,323.5,326,326.5,327,327.5,328
1684113862478017013,325.5,325,324.5,324,323.5,326,326.5,327,327.5,328
1684113862478017013,325.5,325,324.5,324,323.5,326,326.5,327,327.5,328
1684113862478017013,325.5,325,324.5,324,323.5,326,326.5,327,327.5,328
1684113862478122341,325.5,325,324.5,324,323.5,326,326.5,327,327.5,328
1684113863928010125,325.5,325,324.5,324,323.5,326,326.5,327,327.5,328
1684113866490935428,325.5,325,324.5,324,323.5,326,326.5,327,327.5,328
1684113866523721220,325.5,325,324.5,324,323.5,326,326.5,327,327.5,328
1684113866523721220,325.5,325,324.5,324,323.5,326.5,327,327.5,328,328.5
1684113871981678947,325.5,325,324.5,324,323.5,326.5,327,327.5,328,328.5
1684113872016478299,325.5,325,324.5,324,323.5,326.5,327,327.5,328,328.5
1684113872803103117,325.5,325,324.5,324,323.5,326.5,327,327.5,328,328.5
1684113874345054402,326,325.5,325,324.5,324,326.5,327,327.5,328,328.5
1684113874377887774,326,325.5,325,324.5,324,326.5,327,327.5,328,328.5
1684113882157451970,326,325.5,325,324.5,324,326.5,327,327.5,328,328.5
1684113882780051946,326,325.5,325,324.5,324,326.5,327,327.5,328,328.5
1684113883617628981,326,325.5,325,324.5,324,326.5,327,327.5,328,328.5
1684113885467990840,326,325.5,325,324.5,324,326.5,327,327.5,328,328.5
1684113890727258335,326,325.5,325,324.5,324,326.5,327,327.5,328,328.5
1684113896484423829,326,325.5,325,324.5,324,326.5,327,327.5,328,328.5
1684113898243657844,326,325.5,325,324.5,324,326.5,327,327.5,328,328.5
1684113899333246229,326,325.5,325,324.5,324,326.5,327,327.5,328,328.5
1684113899365910594,325.5,325,324.5,324,323.5,326.5,327,327.5,328,328.5
1684113899396754490,325.5,325,324.5,324,323.5,326.5,327,327.5,328,328.5
1684113899417062136,325.5,325,324.5,324,323.5,326,326.5,327,327.5,328
1684113899447837464,325.5,325,324.5,324,323.5,326,326.5,327,327.5,328
1684113899447837464,325.5,325,324.5,324,323.5,326,326.5,327,327.5,328
1684113899447871448,325.5,325,324.5,324,323.5,326,326.5,327,327.5,328
1684113899609583107,325.5,325,324.5,324,323.5,326,326.5,327,327.5,328
1684113901313576316,325.5,325,324.5,324,323.5,326,326.5,327,327.5,328
1684113902831036035,325.5,325,324.5,324,323.5,326,326.5,327,327.5,328
1684113902861830481,325.5,325,324.5,324,323.5,326,326.5,327,327.5,328
1684113911998979747,325.5,325,324.5,324,323.5,326,326.5,327,327.5,328
1684113918550568800,325.5,325,324.5,324,323.5,326,326.5,327,327.5,328
1684113919775513504,325.5,325,324.5,324,323.5,326,326.5,327,327.5,328
1684113920881429877,325.5,325,324.5,324,323.5,326,326.5,327,327.5,328
1684113923419825261,325.5,325,324.5,324,323.5,326,326.5,327,327.5,328
1684113923866544479,325.5,325,324.5,324,323.5,326,326.5,327,327.5,328
1684113924931267052,325.5,325,324.5,324,323.5,326,326.5,327,327.5,328
1684113929196168311,325.5,325,324.5,324,323.5,326,326.5,327,327.5,328
1684113932951344221,325.5,325,324.5,324,323.5,326,326.5,327,327.5,328
1684113933825802381,325.5,325,324.5,324,323.5,326,326.5,327,327.5,328
1684113933868824383,325.5,325,324.5,324,323.5,326,326.5,327,327.5,328
1684113934032895049,325.5,325,324.5,324,323.5,326,326.5,327,327.5,328
1684113936840724114,325.5,325,324.5,324,323.5,326,326.5,327,327.5,328
1684113938064240056,325.5,325,324.5,324,323.5,326,326.5,327,327.5,328
1684113945189238171,325.5,325,324.5,324,323.5,326,326.5,327,327.5,328
1684113945220030552,325.5,325,324.5,324,323.5,326,326.5,327,327.5,328
1684113945220030552,325.5,325,324.5,324,323.5,326,326.5,327,327.5,328
1684113945703385882,325.5,325,324.5,324,323.5,326,326.5,327,327.5,328
1684113956086840758,325.5,325,324.5,324,323.5,326,326.5,327,327.5,328
1684113956850700133,325.5,325,324.5,324,323.5,326,326.5,327,327.5,328
1684113957694543565,325.5,325,324.5,324,323.5,326,326.5,327,327.5,328
1684113958231044784,325.5,325,324.5,324,323.5,326,326.5,327,327.5,328
1684113967222954360,325.5,325,324.5,324,323.5,326,326.5,327,327.5,328
1684113967982683601,325.5,325,324.5,324,323.5,326,326.5,327,327.5,328
1684113968828632726,325.5,325,324.5,324,323.5,326,326.5,327,327.5,328
1684113968859313518,325.5,325,324.5,324,323.5,326.5,327,327.5,328,328.5
1684113968889990182,325.5,325,324.5,324,323.5,326.5,327,327.5,328,328.5
1684113970090168168,325.5,325,324.5,324,323.5,326.5,327,327.5,328,328.5
1684113970120908251,325.5,325,324.5,324,323.5,326.5,327,327.5,328,328.5
1684113973108915614,326,325.5,325,324.5,324,326.5,327,327.5,328,328.5
1684113973131745596,326,325.5,325,324.5,324,326.5,327,327.5,328,328.5
1684113977270588696,326,325.5,325,324.5,324,326.5,327,327.5,328,328.5
1684113979183493598,326,325.5,325,324.5,324,326.5,327,327.5,328,328.5
1684113979941204760,325.5,325,324.5,324,323.5,326,326.5,327,327.5,328
1684113979973996655,325.5,325,324.5,324,323.5,326,326.5,327,327.5,328
1684113979973996655,325.5,325,324.5,324,323.5,326.5,327,327.5,328,328.5
1684113979974024598,325.5,325,324.5,324,323.5,326.5,327,327.5,328,328.5
1684113980009758907,325.5,325,324.5,324,323.5,326.5,327,327.5,328,328.5
1684113980040554956,325.5,325,324.5,324,323.5,326.5,327,327.5,328,328.5
1684113983100238618,326,325.5,325,324.5,324,326.5,327,327.5,328,328.5
1684113983120834035,326,325.5,325,324.5,324,326.5,327,327.5,328,328.5
1684113987272081604,326,325.5,325,324.5,324,326.5,327,327.5,328,328.5
1684113988441599647,326,325.5,325,324.5,324,326.5,327,327.5,328,328.5
1684113988892283408,326,325.5,325,324.5,324,326.5,327,327.5,328,328.5
1684113995395786501,326,325.5,325,324.5,324,326.5,327,327.5,328,328.5
1684113995395786501,326,325.5,325,324.5,324,327,327.5,328,328.5,329
1684113995426218556,326,325.5,325,324.5,324,327,327.5,328,328.5,329
1684113995461132967,326,325.5,325,324.5,324,327,327.5,328,328.5,329
1684113997076952462,326.5,326,325.5,325,324.5,327,327.5,328,328.5,329
1684113997119993941,326.5,326,325.5,325,324.5,327,327.5,328,328.5,329
1684113997119993941,326.5,326,325.5,325,324.5,327,327.5,328,328.5,329
1684113997728363901,326.5,326,325.5,325,324.5,327,327.5,328,328.5,329
1684113999630865741,326.5,326,325.5,325,324.5,327,327.5,328,328.5,329
1684113999663552289,326,325.5,325,324.5,324,327,327.5,328,328.5,329
1684114000685550429,326,325.5,325,324.5,324,327,327.5,328,328.5,329
1684114000706147880,326,325.5,325,324.5,324,327,327.5,328,328.5,329
1684114000992715349,326.5,326,325.5,325,324.5,327,327.5,328,328.5,329
1684114001023511086,326.5,326,325.5,325,324.5,327,327.5,328,328.5,329
1684114001390061871,326.5,326,325.5,325,324.5,327,327.5,328,328.5,329
1684114002041384492,326.5,326,325.5,325,324.5,327,327.5,328,328.5,329
1684114006044285207,326.5,326,325.5,325,324.5,327,327.5,328,328.5,329
1684114006077076751,326,325.5,325,324.5,324,327,327.5,328,328.5,329
1684114008534753440,326.5,326,325.5,325,324.5,327,327.5,328,328.5,329
1684114008565471191,326,325.5,325,324.5,324,327,327.5,328,328.5,329
1684114009714347530,326,325.5,325,324.5,324,327,327.5,328,328.5,329
1684114009745194785,326,325.5,325,324.5,324,327,327.5,328,328.5,329
1684114010238664384,326,325.5,325,324.5,324,326.5,327,327.5,328,328.5
1684114010269297216,326,325.5,325,324.5,324,326.5,327,327.5,328,328.5
1684114010269297216,326,325.5,325,324.5,324,326.5,327,327.5,328,328.5
1684114010726196957,326,325.5,325,324.5,324,326.5,327,327.5,328,328.5
1684114012094052119,326,325.5,325,324.5,324,326.5,327,327.5,328,328.5
1684114012982832078,0,0,0,0,0,0,0,0,0,0
1684114012982832078,326,325.5,325,324.5,324,327,327.5,328,328.5,329
1684114013003368123,326,325.5,325,324.5,324,327,327.5,328,328.5,329
1684114013034015643,326,325.5,325,324.5,324,327,327.5,328,328.5,329
1684114015088287585,326,325.5,325,324.5,324,327,327.5,328,328.5,329
1684114015131258601,326,325.5,325,324.5,324,327,327.5,328,328.5,329
1684114015905424507,326.5,326,325.5,325,324.5,327,327.5,328,328.5,329
1684114015938134037,326.5,326,325.5,325,324.5,327,327.5,328,328.5,329
1684114015938134037,326,325.5,325,324.5,324,327,327.5,328,328.5,329
1684114015971066276,326,325.5,325,324.5,324,327,327.5,328,328.5,329
1684114015971095181,326,325.5,325,324.5,324,327,327.5,328,328.5,329
1684114016001657600,326,325.5,325,324.5,324,327,327.5,328,328.5,329
1684114017195868313,326,325.5,325,324.5,324,327,327.5,328,328.5,329
1684114018000622536,326,325.5,325,324.5,324,327,327.5,328,328.5,329
1684114018717304167,326,325.5,325,324.5,324,327,327.5,328,328.5,329
1684114018750133793,326,325.5,325,324.5,324,327,327.5,328,328.5,329
1684114021023449602,326,325.5,325,324.5,324,327,327.5,328,328.5,329
1684114021631723662,327,326,325.5,325,324.5,327.5,328,328.5,329,329.5
1684114021662411878,327,326,325.5,325,324.5,327.5,328,328.5,329,329.5
1684114021662411878,326,325.5,325,324.5,324,327.5,328,328.5,329,329.5
1684114021662411878,326,325.5,325,324.5,324,327.5,328,328.5,329,329.5
1684114021684875732,326,325.5,325,324.5,324,327.5,328,328.5,329,329.5
1684114021695204995,326,325.5,325,324.5,324,327.5,328,328.5,329,329.5
1684114021695204995,326,325.5,325,324.5,324,327,327.5,328,328.5,329
1684114021695328046,326,325.5,325,324.5,324,327.5,328,328.5,329,329.5
1684114021715693892,326,325.5,325,324.5,324,327.5,328,328.5,329,329.5
1684114021725895876,326,325.5,325,324.5,324,327.5,328,328.5,329,329.5
1684114021725895876,326,325.5,325,324.5,324,327,327.5,328,328.5,329
1684114021725910313,326,325.5,325,324.5,324,327,327.5,328,328.5,329
1684114021746397888,326,325.5,325,324.5,324,327,327.5,328,328.5,329
1684114021756667318,326,325.5,325,324.5,324,327,327.5,328,328.5,329
1684114021756693417,326,325.5,325,324.5,324,327,327.5,328,328.5,329
1684114021779170076,326,325.5,325,324.5,324,327,327.5,328,328.5,329
1684114022362705080,326.5,326,325.5,325,324.5,327,327.5,328,328.5,329
1684114022383444477,326.5,326,325.5,325,324.5,327,327.5,328,328.5,329
1684114022383444477,326,325.5,325,324.5,324,327,327.5,328,328.5,329
1684114022416226795,326,325.5,325,324.5,324,327,327.5,328,328.5,329
1684114022426476047,326,325.5,325,324.5,324,327,327.5,328,328.5,329
1684114022448832350,326,325.5,325,324.5,324,327,327.5,328,328.5,329
1684114022461162379,326,325.5,325,324.5,324,327,327.5,328,328.5,329
1684114024318829434,326.5,326,325.5,325,324.5,327,327.5,328,328.5,329
1684114024341268282,326.5,326,325.5,325,324.5,327,327.5,328,328.5,329
1684114024341284923,326,325.5,325,324.5,324,327,327.5,328,328.5,329
1684114024372056766,326,325.5,325,324.5,324,327,327.5,328,328.5,329
1684114024394466870,326,325.5,325,324.5,324,327,327.5,328,328.5,329
1684114025424647212,326.5,326,325.5,325,324.5,327,327.5,328,328.5,329
1684114025467712706,326.5,326,325.5,325,324.5,327,327.5,328,328.5,329
1684114025467712706,326,325.5,325,324.5,324,327,327.5,328,328.5,329
1684114026727135822,326.5,326,325.5,325,324.5,327,327.5,328,328.5,329
1684114026759913100,326,325.5,325,324.5,324,327,327.5,328,328.5,329
1684114026770155420,326,325.5,325,324.5,324,327,327.5,328,328.5,329
1684114026802970028,326,325.5,325,324.5,324,327,327.5,328,328.5,329
1684114026802970028,326,325.5,325,324.5,324,327,327.5,328,328.5,329
1684114027087682584,326.5,326,325.5,325,324.5,327,327.5,328,328.5,329
1684114027120377587,326.5,326,325.5,325,324.5,327,327.5,328,328.5,329
1684114027120377587,326,325.5,325,324.5,324,327,327.5,328,328.5,329
1684114027120377587,326,325.5,325,324.5,324,327,327.5,328,328.5,329
1684114027161414763,326,325.5,325,324.5,324,327,327.5,328,328.5,329
1684114027181817749,326,325.5,325,324.5,324,327,327.5,328,328.5,329
1684114029118281371,326,325.5,325,324.5,324,327,327.5,328,328.5,329
1684114029128434754,326,325.5,325,324.5,324,327,327.5,328,328.5,329
1684114029634377661,326.5,326,325.5,325,324.5,327,327.5,328,328.5,329
1684114029665353106,326.5,326,325.5,325,324.5,327,327.5,328,328.5,329
1684114029665367994,326,325.5,325,324.5,324,327,327.5,328,328.5,329
1684114029695825707,326,325.5,325,324.5,324,326.5,327,327.5,328,328.5
1684114029728670712,326,325.5,325,324.5,324,326.5,327,327.5,328,328.5
1684114029728705838,326,325.5,325,324.5,324,326.5,327,327.5,328,328.5
1684114029728705838,326,325.5,325,324.5,324,326.5,327,327.5,328,328.5
1684114029728705838,326,325.5,325,324.5,324,326.5,327,327.5,328,328.5
1684114029738852598,326,325.5,325,324.5,324,326.5,327,327.5,328,328.5
1684114030723921275,326,325.5,325,324.5,324,326.5,327,327.5,328,328.5
1684114031000377541,326,325.5,325,324.5,324,326.5,327,327.5,328,328.5
1684114032081824483,326,325.5,325,324.5,324,326.5,327,327.5,328,328.5
1684114032114437283,326,325.5,325,324.5,324,326.5,327,327.5,328,328.5
1684114032114437283,326,325.5,325,324.5,324,326.5,327,327.5,328,328.5
1684114033066863534,326,325.5,325,324.5,324,326.5,327,327.5,328,328.5
1684114034553583060,326,325.5,325,324.5,324,326.5,327,327.5,328,328.5
1684114039612468623,326,325.5,325,324.5,324,326.5,327,327.5,328,328.5
1684114040187889513,326,325.5,325,324.5,324,326.5,327,327.5,328,328.5
1684114041981806449,326,325.5,325,324.5,324,326.5,327,327.5,328,328.5
1684114047776696521,326,325.5,325,324.5,324,326.5,327,327.5,328,328.5
1684114047817719170,325.5,325,324.5,324,323.5,326.5,327,327.5,328,328.5
1684114047868921370,325.5,325,324.5,324,323.5,326.5,327,327.5,328,328.5
1684114047909887963,325.5,325,324.5,324,323.5,326.5,327,327.5,328,328.5
1684114047909887963,325.5,325,324.5,324,323.5,326.5,327,327.5,328,328.5
1684114048038917130,325.5,325,324.5,324,323.5,326.5,327,327.5,328,328.5
1684114048944517959,325.5,325,324.5,324,323.5,326.5,327,327.5,328,328.5
1684114049198047069,325.5,325,324.5,324,323.5,326.5,327,327.5,328,328.5
1684114055259122894,325.5,325,324.5,324,323.5,326.5,327,327.5,328,328.5
1684114056838283946,325.5,325,324.5,324,323.5,326.5,327,327.5,328,328.5
1684114059373837725,325.5,325,324.5,324,323.5,326.5,327,327.5,328,328.5
1684114064538716446,326,325.5,325,324.5,324,326.5,327,327.5,328,328.5
1684114064571578564,326,325.5,325,324.5,324,326.5,327,327.5,328,328.5
1684114064571578564,325.5,325,324.5,324,323.5,326.5,327,327.5,328,328.5
1684114071549334208,325.5,325,324.5,324,323.5,326,326.5,327,327.5,328
1684114071581887005,325.5,325,324.5,324,323.5,326,326.5,327,327.5,328
1684114071581887005,325,324.5,324,323.5,323,326,326.5,327,327.5,328
1684114071581887005,325,324.5,324,323.5,323,326,326.5,327,327.5,328
1684114071612735031,325,324.5,324,323.5,323,326,326.5,327,327.5,328
1684114071622906086,325,324.5,324,323.5,323,326,326.5,327,327.5,328
1684114071633053518,325,324.5,324,323.5,323,326,326.5,327,327.5,328
1684114071643518716,325,324.5,324,323.5,323,326,326.5,327,327.5,328
1684114074616038281,325,324.5,324,323.5,323,326,326.5,327,327.5,328
1684114076811484192,325.5,325,324.5,324,323.5,326,326.5,327,327.5,328
1684114076844448371,325.5,325,324.5,324,323.5,326,326.5,327,327.5,328
1684114076844448371,325,324.5,324,323.5,323,326,326.5,327,327.5,328
1684114077036697211,325,324.5,324,323.5,323,326,326.5,327,327.5,328
1684114077067571937,325,324.5,324,323.5,323,326,326.5,327,327.5,328
1684114078245049203,325,324.5,324,323.5,323,326,326.5,327,327.5,328
1684114080088495389,325,324.5,324,323.5,323,326,326.5,327,327.5,328
1684114080487873906,325,324.5,324,323.5,323,326,326.5,327,327.5,328
1684114082328927860,325,324.5,324,323.5,323,326,326.5,327,327.5,328
1684114083363122559,325,324.5,324,323.5,323,326,326.5,327,327.5,328
1684114095052265894,325,324.5,324,323.5,323,326,327,327.5,328,328.5
1684114095187322126,325,324.5,324,323.5,323,326,327,327.5,328,328.5
1684114102711860414,325,324.5,324,323.5,323,326,327,327.5,328,328.5
1684114103219636232,325,324.5,324,323.5,323,326,327,327.5,328,328.5
1684114104468951752,325.5,325,324.5,324,323.5,326,327,327.5,328,328.5
1684114104501814761,325,324.5,324,323.5,323,326,327,327.5,328,328.5
1684114104501814761,325,324.5,324,323.5,323,326,327,327.5,328,328.5
1684114104524376129,325,324.5,324,323.5,323,326,327,327.5,328,328.5
1684114104524376129,325,324.5,324,323.5,323,326,327,327.5,328,328.5
1684114104544810874,325,324.5,324,323.5,323,326,327,327.5,328,328.5
1684114104557349254,325,324.5,324,323.5,323,326,327,327.5,328,328.5
1684114105128582572,325,324.5,324,323.5,323,325.5,326,327,327.5,328
1684114105149193548,325,324.5,324,323.5,323,325.5,326,327,327.5,328
1684114105149193548,325,324.5,324,323.5,323,325.5,326,327,327.5,328
1684114105149258420,325,324.5,324,323.5,323,325.5,326,327,327.5,328
1684114105149258420,325,324.5,324,323.5,323,325.5,326,327,327.5,328
1684114105149258420,325,324.5,324,323.5,323,325.5,326,327,327.5,328
1684114106103434397,325,324.5,324,323.5,323,325.5,326,327,327.5,328
1684114106468025883,325,324.5,324,323.5,323,325.5,326,327,327.5,328
1684114111157897277,325,324.5,324,323.5,323,325.5,326,327,327.5,328
1684114116525854961,325,324.5,324,323.5,323,325.5,326,327,327.5,328
1684114121590533852,325,324.5,324,323.5,323,325.5,326,327,327.5,328
1684114125178637181,325,324.5,324,323.5,323,325.5,326,327,327.5,328
1684114126346141433,325,324.5,324,323.5,323,325.5,326,327,327.5,328
1684114127153047757,325,324.5,324,323.5,323,325.5,326,327,327.5,328
1684114128465757066,325,324.5,324,323.5,323,325.5,326,327,327.5,328
1684114130419655802,325,324.5,324,323.5,323,325.5,326,327,327.5,328
1684114140092347952,325,324.5,324,323.5,323,325.5,326,327,327.5,328
1684114142435353200,325,324.5,324,323.5,323,325.5,326,327,327.5,328
1684114144988117202,325,324.5,324,323.5,323,325.5,326,327,327.5,328
1684114145936290469,325,324.5,324,323.5,323,325.5,326,327,327.5,328
1684114150003822015,325,324.5,324,323.5,323,325.5,326,327,327.5,328
1684114150409304132,325,324.5,324,323.5,323,325.5,326,327,327.5,328
1684114157661443892,325,324.5,324,323.5,323,325.5,326,327,327.5,328
1684114162775254415,325,324.5,324,323.5,323,325.5,326,327,327.5,328
1684114166133961663,325,324.5,324,323.5,323,325.5,326,327,327.5,328
1684114169861327823,325,324.5,324,323.5,323,325.5,326,327,327.5,328
1684114176675225522,325,324.5,324,323.5,323,325.5,326,327,327.5,328
1684114177614270761,325,324.5,324,323.5,323,325.5,326,327,327.5,328
1684114179420492620,325,324.5,324,323.5,323,325.5,326,327,327.5,328
1684114198162986288,325,324.5,324,323.5,323,325.5,326,327,327.5,328
1684114200265489874,325,324.5,324,323.5,323,325.5,326,327,327.5,328
1684114204298931248,325,324.5,324,323.5,323,325.5,326,327,327.5,328
1684114204397295984,325,324.5,324,323.5,323,325.5,326,327,327.5,328
1684114207450919369,325,324.5,324,323.5,323,326,327,327.5,328,328.5
1684114207721153162,325,324.5,324,323.5,323,326,326.5,327,327.5,328
1684114207753916324,325,324.5,324,323.5,323,326,326.5,327,327.5,328
1684114211141492762,325.5,325,324.5,324,323.5,326,326.5,327,327.5,328
1684114211174186734,325.5,325,324.5,324,323.5,326,326.5,327,327.5,328
