Timestamp,BidPrice0,BidPrice1,BidPrice2,BidPrice3,BidPrice4,AskPrice0,AskPrice1,AskPrice2,AskPrice3,AskPrice4
1685053803786428516,0,0,0,0,0,0,0,0,0,0
1685061023824523370,324,323,320,319.5,319,332,333,334,335,336
1685061028825824703,330,324,323,320,319.5,332,333,334,335,335.5
1685061033853876825,330,324,323,321,320,333,334,335,335.5,336
1685061038867290660,324,323,321,320,319.5,328,332,333,334,335
1685061043891052276,324,323,321,320,319.5,328,331,332,333,334
1685061048896267978,324,323,321,320.5,320,328,331,332,333,334
1685061053924307346,324,323,321,320.5,320,328,331,332,333,334
1685061058929713084,324,323,321,320.5,320,328,331,332,333,334
1685061063947275149,324,323,321,320.5,320,328,331,332,333,334
1685061068966994934,324,323,321,320.5,320,328,330,331,332,333
1685061073970399024,326.5,326,324,323,321,328,330,331,332,333
1685061078992028626,326.5,326,324,323,321,328,330,331,332,333
1685061084001468830,326.5,326,324,323,321,328,330,331,331.5,332
1685061094042947720,326.5,326,324,323,321,328,330,331,331.5,332
1685061099054396595,326.5,326,324,323,321,328,330,331,331.5,332
1685061114105282676,326.5,326,324,323,321,328,330,331,331.5,332
1685061129151250050,326.5,326,324,323,322.5,328,330,331,331.5,332
1685061139180319828,326.5,326,324,323,322.5,328,330,331,331.5,332
1685061214419338577,326.5,326,324,323,322.5,328,330,331,331.5,332
1685061219437017789,328,326.5,326,324,323,330,331,331.5,332,333
1685061244517313206,328,326.5,326,324,323,330,331,331.5,332,333
1685061299703150875,328,326.5,326,324,323,330,331,331.5,332,333
1685061309728344370,328,326.5,326,324,323,330,331,331.5,332,333
1685061324777004120,328,326.5,326,324,323,330,331,331.5,332,333
1685061405039100929,328,326.5,326,324,323,330,331,331.5,332,333
1685061415082581492,328,326.5,326,324,323,330,331,331.5,332,333
1685061455199191799,328,326.5,326,324,323,330,331,331.5,332,333
1685061460218967810,328,326.5,326,324,323,329.5,330,331,331.5,332
1685061465240758985,328,326.5,326,324,323,330,331,331.5,332,333
1685061470250053635,328,326.5,326,324,323,330,331,331.5,332,332.5
1685061475269824175,328,326.5,326,324,323,330,331,331.5,332,333
1685061485307037565,328,326.5,326,324,323,330,331,331.5,332,333
1685061515394719463,328,326.5,326,324,323,330,331,331.5,332,333
1685061626346350983,328,326.5,326,324,323,330,331,331.5,332,333
1685061636389819468,328,326.5,326,324,323,330,331,331.5,332,333
1685061646418936053,328,326.5,326,324,323,330,331,331.5,332,333
1685061691569699086,328,326.5,326,325.5,324,330,331,331.5,332,333
1685061696570946377,328,326.5,326,325.5,324,330,331,331.5,332,333
1685061947372709398,328,326.5,326,325.5,324,330,331,331.5,332,333
1685062138014089490,328,327.5,326.5,326,325.5,330,331,331.5,332,333
1685062148035001548,328,326.5,326,325.5,324,330,331,331.5,332,333
1685062234111316869,328,326.5,326,325.5,324,330,331,331.5,332,332.5
1685062269223755022,328,326.5,326,325.5,324,330,331,331.5,332,332.5
1685062274247612251,328,326.5,326,325.5,324,330,331,331.5,332,332.5
1685062279248775156,328,326.5,326,325.5,324,330,331,331.5,332,332.5
1685062299315306478,328,326.5,326,325.5,324,330,331,331.5,332,332.5
1685062304346278956,328,326.5,326,325.5,324,330,331,331.5,332,332.5
1685062314375541134,328,326.5,326,325.5,324,330,331,331.5,332,333
1685062319393168353,328,326.5,326,325.5,324,330,331,331.5,332,333
1685062324408698425,328,326.5,326,325.5,324,330,331,331.5,332,333
1685062334434782493,328,327,326.5,326,325.5,330,331,331.5,332,333
1685062364532568204,328,327,326.5,326,325.5,330,331,331.5,332,333
1685062424719788160,328,327,326.5,326,325.5,330,331,331.5,332,333
1685062444786383806,328,327,326.5,326,325.5,330,331,331.5,332,333
1685062449787614594,328,327,326.5,326,325.5,330,331,331.5,332,333
1685062515014088720,328,327,326.5,326,325.5,330,331,331.5,332,333
1685062550116111665,328,327,326.5,326,325.5,330,331,331.5,332,333
1685062585235803329,328,327,326.5,326,325.5,330,331,331.5,332,333
1685062630387344231,328,327,326.5,326,325.5,330,331,331.5,332,333
1685062660468722994,328,327,326.5,326,325.5,330,331,331.5,332,333
1685062665488475599,329,328,327,326.5,326,330,331,331.5,332,333
1685062670508171779,329,328,327,326.5,326,330,331,331.5,332,333
1685062685542715071,329,328,327,326.5,326,330,331,331.5,332,333
1685062690570622790,329,328,327,326.5,326,330,331,331.5,332,333
1685062700603774553,329,328,327,326.5,326,330,331,331.5,332,333
1685062710624768106,329,328,327,326.5,326,330,331,331.5,332,333
1685062720658065392,329,328,327,326.5,326,330,331,331.5,332,333
1685062725681860158,329,328,327,326.5,326,330,331,331.5,332,333
1685062735704800818,329,328,327,326.5,326,330,331,331.5,332,333
1685062740720610351,329,328,327,326.5,326,330,331,331.5,332,333
1685062745750477119,329,328,327,326.5,326,330,331,331.5,332,333
1685062755773553123,328,327,326.5,326,325.5,328.5,329.5,330,331,331.5
1685062765815039146,329,328,327,326.5,326,329.5,330,331,331.5,332
1685062770826384346,329,328,327,326.5,326,329.5,330,331,331.5,332
1685062775837904656,329,328,327,326.5,326,329.5,330,331,331.5,332
1685062780853478406,329,328,327,326.5,326,329.5,330,331,331.5,332
1685062785856812815,329,328,327,326.5,326,329.5,330,331,331.5,332
1685062790880604626,329,328,327,326.5,326,329.5,330,331,331.5,332
1685062803717408209,329,328,327,326.5,326,329.5,330,331,331.5,332
1685062803782122483,329,328,327,326.5,326,329.5,330,331,331.5,332
1685062803782122483,329,328,327,326.5,326,329.5,330,331,331.5,332
1685062806624890650,329,328,327,326.5,326,329.5,330,331,331.5,332
1685062806657696029,328,327,326.5,326,325,329.5,330,331,331.5,332
1685062806680329007,328,327,326.5,326,325,329.5,330,331,331.5,332
1685062808832855241,328,327,326.5,326,325,329.5,330,331,331.5,332
1685062808832855241,328,327,326.5,326,325,329.5,330,331,331.5,332
1685062809316892094,329,328,327,326.5,326,329.5,330,331,331.5,332
1685062810990096870,329,328,327,326.5,326,329.5,330,331,331.5,332
1685062811416324184,328,327,326.5,326,325,329.5,330,331,331.5,332
1685062812465738012,329,328,327,326.5,326,329.5,330,331,331.5,332
1685062813061097966,329,328,327,326.5,326,329.5,330,331,331.5,332
1685062813934406451,329,328,327,326.5,326,329.5,330,331,331.5,332
1685062813979743791,329,328,327,326.5,326,329.5,330,331,331.5,332
1685062813979797352,329,328,327,326.5,326,329.5,330,331,331.5,332
1685062814927810710,329,328,327,326.5,326,329.5,330,331,331.5,332
1685062815772027120,329,328,327,326.5,326,329.5,330,331,331.5,332
1685062816206588202,329,328,327,326.5,326,329.5,330,331,331.5,332
1685062816993712821,329,328,327,326.5,326,329.5,330,331,331.5,332
1685062817571748956,329,328,327,326.5,326,329.5,330,331,331.5,332
1685062818019000758,329,328,327,326.5,326,330,331,331.5,332,333
1685062818087026149,329,328,327,326.5,326,330,331,331.5,332,333
1685062818144053278,328,327,326.5,326,325,330,331,331.5,332,333
1685062818334446378,329.5,328,327,326.5,326,330,331,331.5,332,333
1685062818369610145,328,327,326.5,326,325,329.5,330,331,331.5,332
1685062818369663605,328,327,326.5,326,325,329.5,330,331,331.5,332
1685062819893202775,329,328,327,326.5,326,329.5,330,331,331.5,332
1685062819925884742,329,328,327,326.5,326,329.5,330,331,331.5,332
1685062819938087875,328,327,326.5,326,325,329.5,330,331,331.5,332
1685062819959730163,328,327,326.5,326,325,330,331,331.5,332,333
1685062822902649273,328.5,328,327,326.5,326,330,331,331.5,332,333
1685062823095277410,329,328.5,328,327,326.5,330,331,331.5,332,333
1685062823309141842,329,328.5,328,327,326.5,330,331,331.5,332,333
1685062823444034910,329,328.5,328,327,326.5,330,331,331.5,332,333
1685062825520035733,329,328.5,328,327,326.5,330,331,331.5,332,333
1685062825565533815,329,328.5,328,327,326.5,329.5,330,331,331.5,332
1685062825621557740,328.5,328,327,326.5,326,329.5,330,331,331.5,332
1685062827072907911,328.5,328,327,326.5,326,329.5,330,331,331.5,332
1685062827242468194,328.5,328,327,326.5,326,330,331,331.5,332,333
1685062828867805198,329,328.5,328,327,326.5,330,331,331.5,332,333
1685062829370786603,329,328.5,328,327,326.5,330,331,331.5,332,333
1685062829493275630,329,328.5,328,327,326.5,330,331,331.5,332,333
1685062830128822493,329,328.5,328,327,326.5,330,331,331.5,332,333
1685062831350842141,329,328.5,328,327,326.5,330,331,331.5,332,333
1685062832349911087,329,328.5,328,327,326.5,330,331,331.5,332,333
1685062834485544722,329,328.5,328,327,326.5,330,331,331.5,332,333
1685062835976561104,329,328.5,328,327,326.5,330,331,331.5,332,333
1685062836377963174,329,328.5,328,327,326.5,330,331,331.5,332,333
1685062836887526358,329,328.5,328,327,326.5,330,331,331.5,332,333
1685062836931762139,329,328.5,328,327,326.5,329.5,330,331,331.5,332
1685062836987741511,329,328.5,328,327,326.5,329.5,330,331,331.5,332
1685062839143563083,329,328.5,328,327,326.5,329.5,330,331,331.5,332
1685062839202846239,329,328.5,328,327,326.5,329.5,330,331,331.5,332
1685062839268852298,329,328.5,328,327,326.5,329.5,330,331,331.5,332
1685062843177632871,329,328.5,328,327,326.5,329.5,330,331,331.5,332
1685062843212149963,329,328.5,328,327,326.5,329.5,330,331,331.5,332
1685062843212149963,329,328.5,328,327,326.5,329.5,330,331,331.5,332
1685062843212274948,329,328.5,328,327,326.5,329.5,330,331,331.5,332
1685062843212274948,328.5,328,327,326.5,326,329.5,330,331,331.5,332
1685062843247536719,328.5,328,327,326.5,326,329.5,330,331,331.5,332
1685062843283049441,328.5,328,327,326.5,326,329.5,330,331,331.5,332
1685062844106715383,328.5,328,327,326.5,326,329,329.5,330,331,331.5
1685062844130735916,328.5,328,327,326.5,326,329,329.5,330,331,331.5
1685062844162499999,328.5,328,327,326.5,326,329,329.5,330,331,331.5
1685062844175559130,328.5,328,327,326.5,326,329,329.5,330,331,331.5
1685062844195912528,328.5,328,327,326.5,326,329,329.5,330,331,331.5
1685062845456350865,328.5,328,327,326.5,326,329,329.5,330,331,331.5
1685062846963957458,328.5,328,327,326.5,326,329,329.5,330,331,331.5
1685062847910980848,328.5,328,327,326.5,326,329,329.5,330,331,331.5
1685062851415094971,328.5,328,327,326.5,326,329,329.5,330,331,331.5
1685062852570461676,328.5,328,327,326.5,326,329,329.5,330,331,331.5
1685062852604325041,328,327,326.5,326,325,329,329.5,330,331,331.5
1685062852636146351,328,327,326.5,326,325,329,329.5,330,331,331.5
1685062852659595802,328,327,326.5,326,325,328.5,329,329.5,330,331
1685062852671839983,328,327,326.5,326,325,328.5,329,329.5,330,330.5
1685062852692486070,328,327,326.5,326,325,328.5,329,329.5,330,330.5
1685062852706477502,328,327,326.5,326,325,328.5,329,329.5,330,330.5
1685062852738049354,328,327,326.5,326,325,328.5,329,329.5,330,330.5
1685062852738049354,328,327,326.5,326,325,328.5,329,329.5,330,330.5
1685062852738049354,328,327,326.5,326,325,328.5,329,329.5,330,330.5
1685062852805714358,328,327,326.5,326,325,328.5,329,329.5,330,330.5
1685062852873848693,328,327,326.5,326,325,328.5,329,329.5,330,330.5
1685062864001850251,328,327,326.5,326,325,328.5,329,329.5,330,330.5
1685062865074645883,328,327,326.5,326,325,328.5,329,329.5,330,330.5
1685062866183564843,328,327,326.5,326,325,328.5,329,329.5,330,330.5
1685062868669711265,328,327,326.5,326,325,328.5,329,329.5,330,330.5
1685062868693383424,328,327,326.5,326,325,328.5,329,329.5,330,330.5
1685062872590814846,328,327,326.5,326,325,328.5,329,329.5,330,330.5
1685062872658509536,328,327,326.5,326,325,328.5,329,329.5,330,330.5
1685062874937626950,328,327,326.5,326,325,328.5,329,329.5,330,330.5
1685062874937626950,328,327,326.5,326,325,328.5,329,329.5,330,330.5
1685062876775773446,328,327,326.5,326,325,328.5,329,329.5,330,330.5
1685062878812659134,328,327,326.5,326,325,328.5,329,329.5,330,330.5
1685062880281014636,328,327,326.5,326,325,328.5,329,329.5,330,330.5
1685062880650499174,328,327,326.5,326,325,328.5,329,329.5,330,330.5
1685062880687252977,328,327,326.5,326,325,328.5,329,329.5,330,330.5
1685062880881376251,328,327,326.5,326,325,328.5,329,329.5,330,330.5
1685062881898032199,328,327,326.5,326,325,328.5,329,329.5,330,330.5
1685062882790943914,328,327,326.5,326,325,328.5,329,329.5,330,330.5
1685062884985625213,328,327,326.5,326,325,328.5,329,329.5,330,330.5
1685062885919167540,328,327,326.5,326,325,328.5,329,329.5,330,330.5
1685062885939765837,328,327,326.5,326,325,328.5,329,329.5,330,330.5
1685062885962461883,327,326.5,326,325,324,328.5,329,329.5,330,330.5
1685062885962461883,327,326.5,326,325,324,328.5,329,329.5,330,330.5
1685062885962461883,327,326.5,326,325,324,328,328.5,329,329.5,330
1685062885982359305,327,326.5,326,325,324,328,328.5,329,329.5,330
1685062885982359305,327,326.5,326,325,324,328,328.5,329,329.5,330
1685062885994224965,327,326.5,326,325,324,328,328.5,329,329.5,330
1685062886004399640,327,326.5,326,325,324,328,328.5,329,329.5,330
1685062886004399640,327,326.5,326,325.5,325,328,328.5,329,329.5,330
1685062886004399640,327,326.5,326,325.5,325,328,328.5,329,329.5,330
1685062886004510227,327,326.5,326,325.5,325,328,328.5,329,329.5,330
1685062886027196966,327,326.5,326,325.5,325,328,328.5,329,329.5,330
1685062886027222263,327,326.5,326,325.5,325,327.5,328,328.5,329,329.5
1685062886048927970,327,326.5,326,325,324,327.5,328,328.5,329,329.5
1685062886068507414,327,326.5,326,325,324,327.5,328,328.5,329,329.5
1685062886100719869,327,326.5,326,325,324,328,328.5,329,329.5,330
1685062886124407938,327,326.5,326,325,324,328,328.5,329,329.5,330
1685062886156843863,327,326.5,326,325.5,325,328,328.5,329,329.5,330
1685062886268690797,327,326.5,326,325.5,325,328,328.5,329,329.5,330
1685062886269694041,327,326.5,326,325.5,325,328,328.5,329,329.5,330
1685062887334481857,327,326.5,326,325.5,325,328,328.5,329,329.5,330
1685062888770031219,327,326.5,326,325.5,325,328,328.5,329,329.5,330
1685062892815243308,327,326.5,326,325.5,325,328,328.5,329,329.5,330
1685062892825033000,327,326.5,326,325.5,325,327.5,328,328.5,329,329.5
1685062892859935807,327,326.5,326,325,324,327.5,328,328.5,329,329.5
1685062892893427965,327,326.5,326,325,324,327.5,328,328.5,329,329.5
1685062893606740878,327,326.5,326,325,324,327.5,328,328.5,329,329.5
1685062896328568356,327,326.5,326,325,324,327.5,328,328.5,329,329.5
1685062896532200535,327,326.5,326,325,324,327.5,328,328.5,329,329.5
1685062896589710030,327,326.5,326,325,324,327.5,328,328.5,329,329.5
1685062897117366678,327,326.5,326,325,324,327.5,328,328.5,329,329.5
1685062897396285873,327,326.5,326,325.5,325,327.5,328,328.5,329,329.5
1685062897416800763,327,326.5,326,325.5,325,327.5,328,328.5,329,329.5
1685062897439278840,327,326.5,326,325.5,325,327.5,328,328.5,329,329.5
1685062899234473256,327,326.5,326,325.5,325,327.5,328,328.5,329,329.5
1685062899297913848,327,326.5,326,325.5,325,327.5,328,328.5,329,329.5
1685062902954682459,327,326.5,326,325.5,325,327.5,328,328.5,329,329.5
1685062903505933941,327,326.5,326,325.5,325,327.5,328,328.5,329,329.5
1685062903858707391,327,326.5,326,325.5,325,327.5,328,328.5,329,329.5
1685062905147134994,327,326.5,326,325.5,325,327.5,328,328.5,329,329.5
1685062906501338173,327,326.5,326,325.5,325,327.5,328,328.5,329,329.5
1685062906535982404,326.5,326,325.5,325,324,327.5,328,328.5,329,329.5
1685062906568312560,326.5,326,325.5,325,324,327.5,328,328.5,329,329.5
1685062906568312560,326.5,326,325.5,325,324,327.5,328,328.5,329,329.5
1685062906598971298,326.5,326,325.5,325,324,327.5,328,328.5,329,329.5
1685062906683079758,327,326.5,326,325.5,325,327.5,328,328.5,329,329.5
1685062906717195537,327,326.5,326,325.5,325,327.5,328,328.5,329,329.5
1685062906747751912,327,326.5,326,325.5,325,327.5,328,328.5,329,329.5
1685062906862617735,326.5,326,325.5,325,324,327.5,328,328.5,329,329.5
1685062906892078543,326.5,326,325.5,325,324,327.5,328,328.5,329,329.5
1685062906923605251,326.5,326,325.5,325,324,327.5,328,328.5,329,329.5
1685062906933854746,326.5,326,325.5,325,324,327,327.5,328,328.5,329
1685062906966027918,326.5,326,325.5,325,324,327,327.5,328,328.5,329
1685062906997363747,326.5,326,325.5,325,324,327,327.5,328,328.5,329
1685062906997439329,326.5,326,325.5,325,324.5,327,327.5,328,328.5,329
1685062907009835785,326.5,326,325.5,325,324.5,327,327.5,328,328.5,329
1685062908571540559,326.5,326,325.5,325,324.5,327,327.5,328,328.5,329
1685062910207818107,326.5,326,325.5,325,324.5,327,327.5,328,328.5,329
1685062911588503040,326.5,326,325.5,325,324.5,327,327.5,328,328.5,329
1685062911588833000,326.5,326,325.5,325,324.5,327,327.5,328,328.5,329
1685062911939498713,326.5,326,325.5,325,324.5,327,327.5,328,328.5,329
1685062912112723426,326.5,326,325.5,325,324.5,327,327.5,328,328.5,329
1685062913355439867,326.5,326,325.5,325,324.5,327,327.5,328,328.5,329
1685062915618451820,326.5,326,325.5,325,324.5,327,327.5,328,328.5,329
1685062916666120260,326.5,326,325.5,325,324.5,327,327.5,328,328.5,329
1685062917502767117,326.5,326,325.5,325,324.5,327,327.5,328,328.5,329
1685062919213265409,326.5,326,325.5,325,324.5,327,327.5,328,328.5,329
1685062920739593185,326.5,326,325.5,325,324.5,327,327.5,328,328.5,329
1685062921748773076,326.5,326,325.5,325,324.5,327,327.5,328,328.5,329
1685062922469633060,326.5,326,325.5,325,324.5,327,327.5,328,328.5,329
1685062928384277030,326.5,326,325.5,325,324.5,327,327.5,328,328.5,329
1685062928998379016,326.5,326,325.5,325,324.5,327,327.5,328,328.5,329
1685062930367941635,326.5,326,325.5,325,324.5,327,327.5,328,328.5,329
1685062932306481830,326.5,326,325.5,325,324.5,327,327.5,328,328.5,329
1685062935827403463,326.5,326,325.5,325,324.5,327,327.5,328,328.5,329
1685062938584227895,326.5,326,325.5,325,324.5,327,327.5,328,328.5,329
1685062938650961139,326.5,326,325.5,325,324.5,327,327.5,328,328.5,329
1685062939876774922,326.5,326,325.5,325,324.5,327,327.5,328,328.5,329
1685062943952075509,326.5,326,325.5,325,324.5,327,327.5,328,328.5,329
1685062944360034391,326.5,326,325.5,325,324.5,327,327.5,328,328.5,329
1685062947716420066,326.5,326,325.5,325,324.5,327,327.5,328,328.5,329
1685062950451784943,326.5,326,325.5,325,324.5,327,327.5,328,328.5,329
1685062950910585931,326.5,326,325.5,325,324.5,327,327.5,328,328.5,329
1685062953506890927,326.5,326,325.5,325,324.5,327,327.5,328,328.5,329
1685062954046054681,326.5,326,325.5,325,324.5,327,327.5,328,328.5,329
1685062956391857631,326.5,326,325.5,325,324.5,327,327.5,328,328.5,329
1685062956504859374,326.5,326,325.5,325,324.5,327,327.5,328,328.5,329
1685062956538377521,326.5,326,325.5,325,324.5,327,327.5,328,328.5,329
1685062956550320375,326.5,326,325.5,325,324.5,327,327.5,328,328.5,329
1685062956562421388,326,325.5,325,324.5,324,327,327.5,328,328.5,329
1685062956572953203,326,325.5,325,324.5,324,327,327.5,328,328.5,329
1685062956598896076,326,325.5,325,324.5,324,327,327.5,328,328.5,329
1685062956608144752,326,325.5,325,324.5,324,327,327.5,328,328.5,329
1685062956616808129,326,325.5,325,324.5,324,327,327.5,328,328.5,329
1685062956641851733,326,325.5,325,324.5,324,327,327.5,328,328.5,329
1685062956652222957,326,325.5,325,324.5,324,326.5,327,327.5,328,328.5
1685062956685351423,326,325.5,325,324.5,324,326.5,327,327.5,328,328.5
1685062956685351423,326,325.5,325,324.5,324,326.5,327,327.5,328,328.5
1685062956710617314,326,325.5,325,324.5,324,327,327.5,328,328.5,329
1685062956719733552,326,325.5,325,324.5,324,327,327.5,328,328.5,329
1685062956741228032,326,325.5,325,324.5,324,327,327.5,328,328.5,329
1685062956754584882,326,325.5,325,324.5,324,327,327.5,328,328.5,329
1685062960637178644,326,325.5,325,324.5,324,327,327.5,328,328.5,329
1685062963957125177,326,325.5,325,324.5,324,327,327.5,328,328.5,329
1685062964300525618,326,325.5,325,324.5,324,327,327.5,328,328.5,329
1685062969939025134,326,325.5,325,324.5,324,327,327.5,328,328.5,329
1685062977075763544,326,325.5,325,324.5,324,327,327.5,328,328.5,329
1685062977759572307,326,325.5,325,324.5,324,327,327.5,328,328.5,329
1685062978840920318,326,325.5,325,324.5,324,327,327.5,328,328.5,329
1685062979100401144,326,325.5,325,324.5,324,327,327.5,328,328.5,329
1685062993876046733,326,325.5,325,324.5,324,327,327.5,328,328.5,329
1685062993905896782,326,325.5,325,324.5,324,327,327.5,328,328.5,329
1685062993949826338,326,325.5,325,324.5,324,327,327.5,328,328.5,329
1685063002031041737,326,325.5,325,324.5,324,327,327.5,328,328.5,329
1685063004069650771,326,325.5,325,324.5,324,327,327.5,328,328.5,329
1685063007823125237,326,325.5,325,324.5,324,327,327.5,328,328.5,329
1685063011134127907,326,325.5,325,324.5,324,327,327.5,328,328.5,329
1685063011863608989,326,325.5,325,324.5,324,327,327.5,328,328.5,329
1685063016406379912,326,325.5,325,324.5,324,327,327.5,328,328.5,329
1685063018358408945,326,325.5,325,324.5,324,327,327.5,328,328.5,329
1685063019421441916,326,325.5,325,324.5,324,327,327.5,328,328.5,329
1685063020563430140,326,325.5,325,324.5,324,327,327.5,328,328.5,329
1685063022465352358,326,325.5,325,324.5,324,327,327.5,328,328.5,329
1685063023630454503,326,325.5,325,324.5,324,327,327.5,328,328.5,329
1685063025209868029,326,325.5,325,324.5,324,327,327.5,328,328.5,329
1685063025230127700,326,325.5,325,324.5,324,327,327.5,328,328.5,329
1685063033531597730,326,325.5,325,324.5,324,327,327.5,328,328.5,329
1685063033815536390,326,325.5,325,324.5,324,327,327.5,328,328.5,329
1685063033815591253,326,325.5,325,324.5,324,327,327.5,328,328.5,329
1685063033827488753,326,325.5,325,324.5,324,327,327.5,328,328.5,329
1685063033827488753,326,325.5,325,324.5,324,327,327.5,328,328.5,329
1685063033862370590,326,325.5,325,324.5,324,327,327.5,328,328.5,329
1685063033898798230,326,325.5,325,324.5,324,327,327.5,328,328.5,329
1685063033899096771,326,325.5,325,324.5,324,327.5,328,328.5,329,329.5
1685063033931938758,326,325.5,325,324.5,324,327.5,328,328.5,329,329.5
1685063033931938758,326.5,326,325.5,325,324.5,327.5,328,328.5,329,329.5
1685063033932046370,326.5,326,325.5,325,324.5,327.5,328,328.5,329,329.5
1685063033965131935,326.5,326,325.5,325,324.5,327.5,328,328.5,329,329.5
1685063033965131935,326.5,326,325.5,325,324.5,327.5,328,328.5,329,329.5
1685063033965131935,326.5,326,325.5,325,324.5,327.5,328,328.5,329,329.5
1685063033998523193,326.5,326,325.5,325,324.5,327.5,328,328.5,329,329.5
1685063033998523193,326.5,326,325.5,325,324.5,327.5,328,328.5,329,329.5
1685063039155959510,326.5,326,325.5,325,324.5,327.5,328,328.5,329,329.5
1685063039188044356,326,325.5,325,324.5,324,327.5,328,328.5,329,329.5
1685063039220842350,326,325.5,325,324.5,324,327.5,328,328.5,329,329.5
1685063039220842350,326,325.5,325,324.5,324,327.5,328,328.5,329,329.5
1685063039231670563,326,325.5,325,324.5,324,327.5,328,328.5,329,329.5
1685063039253544796,326,325.5,325,324.5,324,327.5,328,328.5,329,329.5
1685063039265775261,326,325.5,325,324.5,324,327.5,328,328.5,329,329.5
1685063039276257012,326,325.5,325,324.5,324,327.5,328,328.5,329,329.5
1685063039276257012,326,325.5,325,324.5,324,327.5,328,328.5,329,329.5
1685063039276257012,326,325.5,325,324.5,324,327.5,328,328.5,329,329.5
1685063039276422243,326,325.5,325,324.5,324,327.5,328,328.5,329,329.5
1685063039276422243,326,325.5,325,324.5,324,327.5,328,328.5,329,329.5
1685063039299539730,326,325.5,325,324.5,324,328,328.5,329,329.5,330
1685063039310286529,326,325.5,325,324.5,324,328,328.5,329,329.5,330
1685063039332326594,326,325.5,325,324.5,324,328,328.5,329,329.5,330
1685063039332326594,326,325.5,325,324.5,324,328,328.5,329,329.5,330
1685063039332435919,326.5,326,325.5,325,324.5,328,328.5,329,329.5,330
1685063039346378780,326.5,326,325.5,325,324.5,328,328.5,329,329.5,330
1685063039367267733,326.5,326,325.5,325,324.5,328,328.5,329,329.5,330
1685063039367267733,326.5,326,325.5,325,324.5,328,328.5,329,329.5,330
1685063039378056320,326.5,326,325.5,325,324.5,328,328.5,329,329.5,330
1685063039389319138,326.5,326,325.5,325,324.5,328,328.5,329,329.5,330
1685063039412406539,326.5,326,325.5,325,324.5,328,328.5,329,329.5,330
1685063039444407107,326.5,326,325.5,325,324.5,328,328.5,329,329.5,330
1685063040107693696,326.5,326,325.5,325,324.5,328,328.5,329,329.5,330
1685063046277906447,326.5,326,325.5,325,324.5,328,328.5,329,329.5,330
1685063047785725019,327.5,326.5,326,325.5,325,328,328.5,329,329.5,330
1685063047808740265,327.5,326.5,326,325.5,325,328,328.5,329,329.5,330
1685063047808765913,327.5,326.5,326,325.5,325,328,328.5,329,329.5,330
1685063047841764514,327.5,326.5,326,325.5,325,328,328.5,329,329.5,330
1685063047841764514,327.5,326.5,326,325.5,325,328,328.5,329,329.5,330
1685063047841764514,327.5,326.5,326,325.5,325,328,328.5,329,329.5,330
1685063047876652233,327.5,326.5,326,325.5,325,328,328.5,329,329.5,330
1685063047886876921,326.5,326,325.5,325,324.5,328,328.5,329,329.5,330
1685063047911609432,326.5,326,325.5,325,324.5,328,328.5,329,329.5,330
1685063047911609432,326.5,326,325.5,325,324.5,328,328.5,329,329.5,330
1685063047931933724,326.5,326,325.5,325,324.5,328,328.5,329,329.5,330
1685063047962708871,326.5,326,325.5,325,324.5,328,328.5,329,329.5,330
1685063048014097884,326.5,326,325.5,325,324.5,328,328.5,329,329.5,330
1685063049070209087,326.5,326,325.5,325,324.5,328,328.5,329,329.5,330
1685063049518195959,327,326.5,326,325.5,325,328,328.5,329,329.5,330
1685063049552989561,327,326.5,326,325.5,325,328,328.5,329,329.5,330
1685063049587490273,327,326.5,326,325.5,325,328,328.5,329,329.5,330
1685063049740362380,327,326.5,326,325.5,325,328,328.5,329,329.5,330
1685063049810799980,327,326.5,326,325.5,325,328,328.5,329,329.5,330
1685063049850954959,327,326.5,326,325.5,325,328,328.5,329,329.5,330
1685063049850954959,327,326.5,326,325.5,325,328,328.5,329,329.5,330
1685063049892083265,327,326.5,326,325.5,325,328,328.5,329,329.5,330
1685063049892083265,327,326.5,326,325.5,325,328,328.5,329,329.5,330
1685063050183758121,327,326.5,326,325.5,325,328,328.5,329,329.5,330
1685063050686252282,327,326.5,326,325.5,325,328,328.5,329,329.5,330
1685063051141103243,327,326.5,326,325.5,325,328,328.5,329,329.5,330
1685063051501844454,327,326.5,326,325.5,325,328,328.5,329,329.5,330
1685063051501844454,327,326.5,326,325.5,325,328,328.5,329,329.5,330
1685063051783925055,327,326.5,326,325.5,325,328,328.5,329,329.5,330
1685063051783925055,327,326.5,326,325.5,325,328,328.5,329,329.5,330
1685063052126203580,327,326.5,326,325.5,325,328,328.5,329,329.5,330
1685063052126203580,327,326.5,326,325.5,325,328,328.5,329,329.5,330
1685063052930218113,327,326.5,326,325.5,325,328,328.5,329,329.5,330
1685063052930218113,327,326.5,326,325.5,325,328,328.5,329,329.5,330
1685063053031678234,327,326.5,326,325.5,325,328,328.5,329,329.5,330
1685063053031678234,327,326.5,326,325.5,325,328,328.5,329,329.5,330
1685063053377914810,327,326.5,326,325.5,325,328,328.5,329,329.5,330
1685063053412644101,327,326.5,326,325.5,325,328,328.5,329,329.5,330
1685063053628522966,327,326.5,326,325.5,325,328,328.5,329,329.5,330
1685063054376843433,327,326.5,326,325.5,325,328,328.5,329,329.5,330
1685063054377805589,327,326.5,326,325.5,325,328,328.5,329,329.5,330
1685063055677848051,327,326.5,326,325.5,325,328,328.5,329,329.5,330
1685063055677848051,327,326.5,326,325.5,325,328,328.5,329,329.5,330
1685063055711065173,327,326.5,326,325.5,325,328,328.5,329,329.5,330
1685063055712076412,327,326.5,326,325.5,325,328,328.5,329,329.5,330
1685063056941277786,327,326.5,326,325.5,325,328,328.5,329,329.5,330
1685063059354965342,327,326.5,326,325.5,325,328,328.5,329,329.5,330
1685063062933820998,327.5,327,326.5,326,325.5,328,328.5,329,329.5,330
1685063062966794011,327.5,327,326.5,326,325.5,328,328.5,329,329.5,330
1685063062967087041,327.5,327,326.5,326,325.5,328,328.5,329,329.5,330
1685063063000480354,327.5,327,326.5,326,325.5,328,328.5,329,329.5,330
1685063063034794986,327,326.5,326,325.5,325,328,328.5,329,329.5,330
1685063063069645595,327,326.5,326,325.5,325,328,328.5,329,329.5,330
1685063063105593264,327,326.5,326,325.5,325,328,328.5,329,329.5,330
1685063063181794416,327,326.5,326,325.5,325,328,328.5,329,329.5,330
1685063063243022614,327,326.5,326,325.5,325,328,328.5,329,329.5,330
1685063063265884512,327,326.5,326,325.5,325,328,328.5,329,329.5,330
1685063063276525402,327,326.5,326,325.5,325,328,328.5,329,329.5,330
1685063065494395564,327,326.5,326,325.5,325,328,328.5,329,329.5,330
1685063065527162069,327,326.5,326,325.5,325,328,328.5,329,329.5,330
1685063066794494512,327.5,327,326.5,326,325.5,328,328.5,329,329.5,330
1685063066827221102,327.5,327,326.5,326,325.5,328,328.5,329,329.5,330
1685063066860172996,327.5,327,326.5,326,325.5,328,328.5,329,329.5,330
1685063066860172996,327.5,327,326.5,326,325.5,328,328.5,329,329.5,330
1685063068434756061,327.5,327,326.5,326,325.5,328,328.5,329,329.5,330
1685063068639583935,327.5,327,326.5,326,325.5,328,328.5,329,329.5,330
1685063068674633427,327.5,327,326.5,326,325.5,328,328.5,329,329.5,330
1685063069549868942,327.5,327,326.5,326,325.5,328,328.5,329,329.5,330
1685063071108891168,327.5,327,326.5,326,325.5,328,328.5,329,329.5,330
1685063071139438617,327,326.5,326,325.5,325,328,328.5,329,329.5,330
1685063071151615201,327,326.5,326,325.5,325,328,328.5,329,329.5,330
1685063071173966360,327,326.5,326,325.5,325,328,328.5,329,329.5,330
1685063071174152048,327,326.5,326,325.5,325,328,328.5,329,329.5,330
1685063071174152048,327,326.5,326,325.5,325,328,328.5,329,329.5,330
1685063071184219312,327,326.5,326,325.5,325,328,328.5,329,329.5,330
1685063073338451140,327,326.5,326,325.5,325,328,328.5,329,329.5,330
1685063073370790543,327,326.5,326,325.5,325,328,328.5,329,329.5,330
1685063073370790543,327,326.5,326,325.5,325,328,328.5,329,329.5,330
1685063073439136145,327,326.5,326,325.5,325,328,328.5,329,329.5,330
1685063076894212943,327,326.5,326,325.5,325,328,328.5,329,329.5,330
1685063076916674358,327,326.5,326,325.5,325,328,328.5,329,329.5,330
1685063077229296457,327,326.5,326,325.5,325,328,328.5,329,329.5,330
1685063078648410369,327.5,327,326.5,326,325.5,328,328.5,329,329.5,330
1685063078683565209,327.5,327,326.5,326,325.5,328,328.5,329,329.5,330
1685063078683565209,327.5,327,326.5,326,325.5,328,328.5,329,329.5,330
1685063078713793218,327.5,327,326.5,326,325.5,328,328.5,329,329.5,330
1685063081635415490,327.5,327,326.5,326,325.5,328,328.5,329,329.5,330
1685063081700842332,327.5,327,326.5,326,325.5,328,328.5,329,329.5,330
1685063082515860186,327.5,327,326.5,326,325.5,328,328.5,329,329.5,330
1685063082537527891,327.5,327,326.5,326,325.5,328,328.5,329,329.5,330
1685063084366431332,327.5,327,326.5,326,325.5,328,328.5,329,329.5,330
1685063085308039455,327.5,327,326.5,326,325.5,328,328.5,329,329.5,330
1685063085828610307,327.5,327,326.5,326,325.5,328,328.5,329,329.5,330
1685063085883836275,327.5,327,326.5,326,325.5,328,328.5,329,329.5,330
1685063085904508110,327.5,327,326.5,326,325.5,328.5,329,329.5,330,331
1685063085924842782,327.5,327,326.5,326,325.5,328.5,329,329.5,330,331
1685063085924842782,327.5,327,326.5,326,325.5,328.5,329,329.5,330,331
1685063085924842782,327.5,327,326.5,326,325.5,328.5,329,329.5,330,331
1685063085948137843,327.5,327,326.5,326,325.5,328.5,329,329.5,330,331
1685063086593537827,328,327.5,327,326.5,326,328.5,329,329.5,330,331
1685063086626244270,328,327.5,327,326.5,326,328.5,329,329.5,330,331
1685063086626244270,328,327.5,327,326.5,326,328.5,329,329.5,330,331
1685063086626298261,328,327.5,327,326.5,326,328.5,329,329.5,330,331
1685063086626298261,328,327.5,327,326.5,326,328.5,329,329.5,330,331
1685063086659062052,328,327.5,327,326.5,326,328.5,329,329.5,330,330.5
1685063086694174181,328,327.5,327,326.5,326,328.5,329,329.5,330,330.5
1685063089025960783,328,327.5,327,326.5,326,328.5,329,329.5,330,330.5
1685063089733820036,328,327.5,327,326.5,326,328.5,329,329.5,330,330.5
1685063091925743789,328,327.5,327,326.5,326,328.5,329,329.5,330,330.5
1685063092401077249,328,327.5,327,326.5,326,328.5,329,329.5,330,330.5
1685063094192304416,328,327.5,327,326.5,326,328.5,329,329.5,330,330.5
1685063094268530946,328,327.5,327,326.5,326,328.5,329,329.5,330,330.5
1685063095077667126,328,327.5,327,326.5,326,328.5,329,329.5,330,330.5
1685063098318194405,328,327.5,327,326.5,326,328.5,329,329.5,330,330.5
1685063099102050617,328,327.5,327,326.5,326,328.5,329,329.5,330,330.5
1685063099144982400,328,327.5,327,326.5,326,328.5,329,329.5,330,330.5
1685063103063311754,328,327.5,327,326.5,326,328.5,329,329.5,330,330.5
1685063104472779423,328,327.5,327,326.5,326,328.5,329,329.5,330,330.5
1685063104810708010,328,327.5,327,326.5,326,328.5,329,329.5,330,330.5
1685063105546537873,328,327.5,327,326.5,326,328.5,329,329.5,330,330.5
1685063105703872629,328,327.5,327,326.5,326,328.5,329,329.5,330,330.5
1685063105816055344,328,327.5,327,326.5,326,329,329.5,330,330.5,331
1685063105849338450,328,327.5,327,326.5,326,329,329.5,330,330.5,331
1685063105849338450,328,327.5,327,326.5,326,329,329.5,330,330.5,331
1685063105849338450,328,327.5,327,326.5,326,329,329.5,330,330.5,331
1685063105849338450,328,327.5,327,326.5,326,329,329.5,330,330.5,331
1685063106661197362,328,327.5,327,326.5,326,329,329.5,330,330.5,331
1685063107687215150,328,327.5,327,326.5,326,329,329.5,330,330.5,331
1685063107708388978,328,327.5,327,326.5,326,329,329.5,330,330.5,331
1685063107709422248,328,327.5,327,326.5,326,329,329.5,330,330.5,331
1685063107719879684,328,327.5,327,326.5,326,329,329.5,330,330.5,331
1685063108272950201,328,327.5,327,326.5,326,329,329.5,330,330.5,331
1685063109345850770,328,327.5,327,326.5,326,329,329.5,330,330.5,331
1685063112658935770,328,327.5,327,326.5,326,329,329.5,330,330.5,331
1685063112691853891,327.5,327,326.5,326,325.5,329,329.5,330,330.5,331
1685063112716847351,327.5,327,326.5,326,325.5,329,329.5,330,330.5,331
1685063112717735148,327.5,327,326.5,326,325.5,329,329.5,330,330.5,331
1685063112717735148,327.5,327,326.5,326,325.5,329,329.5,330,330.5,331
1685063112737961466,327.5,327,326.5,326,325.5,329,329.5,330,330.5,331
1685063112760249617,327.5,327,326.5,326,325.5,329,329.5,330,330.5,331
1685063112784644563,327.5,327,326.5,326,325.5,329,329.5,330,330.5,331
1685063113558890189,328.5,327.5,327,326.5,326,329,329.5,330,330.5,331
1685063113593886572,328.5,327.5,327,326.5,326,329,329.5,330,330.5,331
1685063113593886572,328.5,327.5,327,326.5,326,329,329.5,330,330.5,331
1685063113593998071,327.5,327,326.5,326,325.5,329,329.5,330,330.5,331
1685063113593998071,327.5,327,326.5,326,325.5,328.5,329,329.5,330,330.5
1685063113616308954,327.5,327,326.5,326,325.5,328.5,329,329.5,330,330.5
1685063113626611459,327.5,327,326.5,326,325.5,328.5,329,329.5,330,330.5
1685063113626667434,327.5,327,326.5,326,325.5,328.5,329,329.5,330,330.5
1685063113626667434,327.5,327,326.5,326,325.5,328.5,329,329.5,330,330.5
1685063113639281931,327.5,327,326.5,326,325.5,328.5,329,329.5,330,330.5
1685063113649610975,327.5,327,326.5,326,325.5,328.5,329,329.5,330,330.5
1685063115091093899,327.5,327,326.5,326,325.5,328.5,329,329.5,330,330.5
1685063115127573036,327.5,327,326.5,326,325.5,328.5,329,329.5,330,330.5
1685063115148573428,327.5,327,326.5,326,325.5,328.5,329,329.5,330,330.5
1685063115149905820,327.5,327,326.5,326,325.5,328.5,329,329.5,330,330.5
1685063115189293127,327.5,327,326.5,326,325.5,328.5,329,329.5,330,330.5
1685063116626594389,327.5,327,326.5,326,325.5,328.5,329,329.5,330,330.5
1685063116626594389,327.5,327,326.5,326,325.5,328.5,329,329.5,330,330.5
1685063116659647002,327.5,327,326.5,326,325.5,328.5,329,329.5,330,330.5
1685063116692728740,327.5,327,326.5,326,325.5,328.5,329,329.5,330,330.5
1685063116692728740,327.5,327,326.5,326,325.5,328.5,329,329.5,330,330.5
1685063118224008404,327.5,327,326.5,326,325.5,328.5,329,329.5,330,330.5
1685063120932910544,327.5,327,326.5,326,325.5,328.5,329,329.5,330,330.5
1685063120968361310,327,326.5,326,325.5,325,328.5,329,329.5,330,330.5
1685063120969385373,327,326.5,326,325.5,325,327.5,328.5,329,329.5,330
1685063120969385373,327,326.5,326,325.5,325,327.5,328,328.5,329,329.5
1685063121001231610,327,326.5,326,325.5,325,327.5,328,328.5,329,329.5
1685063121001231610,327,326.5,326,325.5,325,327.5,328,328.5,329,329.5
1685063121011618373,327,326.5,326,325.5,325,327.5,328,328.5,329,329.5
1685063121021940515,327,326.5,326,325.5,325,327.5,328,328.5,329,329.5
1685063121543529500,327,326.5,326,325.5,325,327.5,328,328.5,329,329.5
1685063121577629168,327,326.5,326,325.5,325,327.5,328,328.5,329,329.5
1685063121645999868,327,326.5,326,325.5,325,327.5,328,328.5,329,329.5
1685063121680042780,327,326.5,326,325.5,325,327.5,328,328.5,329,329.5
1685063121680042780,327,326.5,326,325.5,325,327.5,328,328.5,329,329.5
1685063121680042780,327,326.5,326,325.5,325,327.5,328,328.5,329,329.5
1685063122319430484,327,326.5,326,325.5,325,328,328.5,329,329.5,330
1685063122352963038,327,326.5,326,325.5,325,328,328.5,329,329.5,330
1685063122353025636,327,326.5,326,325.5,325,328,328.5,329,329.5,330
1685063122971006515,327,326.5,326,325.5,325,328,328.5,329,329.5,330
1685063124367354689,327,326.5,326,325.5,325,327.5,328,328.5,329,329.5
1685063124402006705,327,326.5,326,325.5,325,327.5,328.5,329,329.5,330
1685063125070728811,327,326.5,326,325.5,325,327.5,328.5,329,329.5,330
1685063125614706394,327,326.5,326,325.5,325,327.5,328,328.5,329,329.5
1685063126143201577,327,326.5,326,325.5,325,328,328.5,329,329.5,330
1685063126163645304,327,326.5,326,325.5,325,328,328.5,329,329.5,330
1685063126411932231,327,326.5,326,325.5,325,328,328.5,329,329.5,330
1685063131777181498,327,326.5,326,325.5,325,328,328.5,329,329.5,330
1685063131777181498,327,326.5,326,325.5,325,328,328.5,329,329.5,330
1685063131809403922,327,326.5,326,325.5,325,328,328.5,329,329.5,330
1685063131809483251,327,326.5,326,325.5,325,328,328.5,329,329.5,330
1685063131809483251,327,326.5,326,325.5,325,328,328.5,329,329.5,330
1685063134729915249,327,326.5,326,325.5,325,328,328.5,329,329.5,330
1685063137751907806,327,326.5,326,325.5,325,327.5,328,328.5,329,329.5
1685063137774012713,327,326.5,326,325.5,325,327.5,328,328.5,329,329.5
1685063137774012713,327,326.5,326,325.5,325,327.5,328,328.5,329,329.5
1685063137774066874,327,326.5,326,325.5,325,327.5,328,328.5,329,329.5
1685063138382433581,327,326.5,326,325.5,325,327.5,328,328.5,329,329.5
1685063139676232620,327,326.5,326,325.5,325,327.5,328,328.5,329,329.5
1685063139676232620,326.5,326,325.5,325,324.5,327.5,328,328.5,329,329.5
1685063139706883963,326.5,326,325.5,325,324.5,327.5,328,328.5,329,329.5
1685063139706883963,326.5,326,325.5,325,324.5,327.5,328,328.5,329,329.5
1685063139706883963,326.5,326,325.5,325,324.5,327.5,328,328.5,329,329.5
1685063139717264715,326.5,326,325.5,325,324.5,327.5,328,328.5,329,329.5
1685063139737653459,326.5,326,325.5,325,324.5,327.5,328,328.5,329,329.5
1685063139881271710,326.5,326,325.5,325,324.5,327.5,328,328.5,329,329.5
1685063145676436067,326.5,326,325.5,325,324.5,327.5,328,328.5,329,329.5
1685063146847202077,327,326.5,326,325.5,325,327.5,328,328.5,329,329.5
1685063146871350861,327,326.5,326,325.5,325,327.5,328,328.5,329,329.5
1685063146871350861,327,326.5,326,325.5,325,327.5,328,328.5,329,329.5
1685063146871350861,326.5,326,325.5,325,324.5,327.5,328,328.5,329,329.5
1685063146893773794,326.5,326,325.5,325,324.5,327.5,328,328.5,329,329.5
1685063146916113371,326.5,326,325.5,325,324.5,327.5,328,328.5,329,329.5
1685063147918584425,326.5,326,325.5,325,324.5,327.5,328,328.5,329,329.5
1685063149130179060,326.5,326,325.5,325,324.5,327.5,328,328.5,329,329.5
1685063149411574244,326.5,326,325.5,325,324.5,327.5,328,328.5,329,329.5
1685063149893829502,326.5,326,325.5,325,324.5,327.5,328,328.5,329,329.5
1685063150054843967,326.5,326,325.5,325,324.5,327.5,328,328.5,329,329.5
1685063150524593844,326.5,326,325.5,325,324.5,327.5,328,328.5,329,329.5
1685063153074555252,327,326.5,326,325.5,325,327.5,328,328.5,329,329.5
1685063153108276740,327,326.5,326,325.5,325,327.5,328,328.5,329,329.5
1685063153440158443,327,326.5,326,325.5,325,327.5,328,328.5,329,329.5
1685063154007145110,327,326.5,326,325.5,325,327.5,328,328.5,329,329.5
1685063156377912506,326.5,326,325.5,325,324.5,327.5,328,328.5,329,329.5
1685063160274579405,327,326.5,326,325.5,325,327.5,328,328.5,329,329.5
1685063160306345051,326.5,326,325.5,325,324.5,327.5,328,328.5,329,329.5
1685063160653838908,326.5,326,325.5,325,324.5,327.5,328,328.5,329,329.5
1685063160687935281,326.5,326,325.5,325,324.5,327.5,328,328.5,329,329.5
1685063164080655592,326.5,326,325.5,325,324.5,327.5,328,328.5,329,329.5
1685063165170815098,326.5,326,325.5,325,324.5,327.5,328,328.5,329,329.5
1685063166731690415,326.5,326,325.5,325,324.5,327,327.5,328,328.5,329
1685063166766305962,326.5,326,325.5,325,324.5,327,327.5,328,328.5,329
1685063166766305962,326.5,326,325.5,325,324.5,327,327.5,328,328.5,329
1685063166766305962,326.5,326,325.5,325,324.5,327,327.5,328,328.5,329
1685063167372576884,326.5,326,325.5,325,324.5,327,327.5,328,328.5,329
1685063167416790654,326.5,326,325.5,325,324.5,327,327.5,328,328.5,329
1685063167460709930,326.5,326,325.5,325,324.5,327,327.5,328,328.5,329
1685063167517459859,326.5,326,325.5,325,324.5,327,327.5,328,328.5,329
1685063167684901574,326.5,326,325.5,325,324.5,327,327.5,328,328.5,329
1685063167720670938,326,325.5,325,324.5,324,327,327.5,328,328.5,329
1685063167751665636,326,325.5,325,324.5,324,327,327.5,328,328.5,329
1685063167751769030,326,325.5,325,324.5,324,327,327.5,328,328.5,329
1685063167751769030,326,325.5,325,324.5,324,327,327.5,328,328.5,329
1685063167764213547,326,325.5,325,324.5,324,327,327.5,328,328.5,329
1685063167787390527,326,325.5,325,324.5,324,327,327.5,328,328.5,329
1685063167787472721,326,325.5,325,324.5,324,327,327.5,328,328.5,329
1685063167832885272,326,325.5,325,324.5,324,327,327.5,328,328.5,329
1685063169286091008,326,325.5,325,324.5,324,327,327.5,328,328.5,329
1685063169316231242,326,325.5,325,324.5,324,327,327.5,328,328.5,329
1685063169347102028,326,325.5,325,324.5,324,327,327.5,328,328.5,329
1685063169378553715,326,325.5,325,324.5,324,327,327.5,328,328.5,329
1685063176396746845,326,325.5,325,324.5,324,327,327.5,328,328.5,329
1685063176518342805,326,325.5,325,324.5,324,327,327.5,328,328.5,329
1685063176550896070,326,325.5,325,324.5,324,327,327.5,328,328.5,329
1685063179051559582,326,325.5,325,324.5,324,327,327.5,328,328.5,329
1685063179933514223,326,325.5,325,324.5,324,327,327.5,328,328.5,329
1685063180083375096,326,325.5,325,324.5,324,327,327.5,328,328.5,329
1685063180710622514,326,325.5,325,324.5,324,327,327.5,328,328.5,329
1685063180743267231,326,325.5,325,324.5,324,327,327.5,328,328.5,329
1685063180774151372,326,325.5,325,324.5,324,327,327.5,328,328.5,329
1685063188096633464,326,325.5,325,324.5,324,327,327.5,328,328.5,329
1685063188117080959,326,325.5,325,324.5,324,327,327.5,328,328.5,329
1685063189166634259,326,325.5,325,324.5,324,327,327.5,328,328.5,329
1685063189197326189,325.5,325,324.5,324,323.5,327,327.5,328,328.5,329
1685063189197326189,325.5,325,324.5,324,323.5,327,327.5,328,328.5,329
1685063189216848796,325.5,325,324.5,324,323.5,327,327.5,328,328.5,329
1685063189227216243,325.5,325,324.5,324,323.5,327,327.5,328,328.5,329
1685063189237416626,325.5,325,324.5,324,323.5,327,327.5,328,328.5,329
1685063189237416626,325.5,325,324.5,324,323.5,327,327.5,328,328.5,329
1685063189237461010,325.5,325,324.5,324,323.5,327,327.5,328,328.5,329
1685063189237461010,325.5,325,324.5,324,323.5,327,327.5,328,328.5,329
1685063189268057861,325.5,325,324.5,324,323.5,327,327.5,328,328.5,329
1685063190397861257,325.5,325,324.5,324,323.5,326.5,327,327.5,328,328.5
1685063190433799938,325.5,325,324.5,324,323.5,327,327.5,328,328.5,329
1685063190433799938,325.5,325,324.5,324,323.5,326.5,327,327.5,328,328.5
1685063190433799938,325.5,325,324.5,324,323.5,326.5,327,327.5,328,328.5
1685063190465290959,326,325.5,325,324.5,324,326.5,327,327.5,328,328.5
1685063190465402108,326,325.5,325,324.5,324,327,327.5,328,328.5,329
1685063190477537815,326,325.5,325,324.5,324,327,327.5,328,328.5,329
1685063190500027774,326,325.5,325,324.5,324,327,327.5,328,328.5,329
1685063190512362595,326,325.5,325,324.5,324,327,327.5,328,328.5,329
1685063190557734249,326,325.5,325,324.5,324,327,327.5,328,328.5,329
1685063194070708511,326,325.5,325,324.5,324,327,327.5,328,328.5,329
1685063194105919757,326,325.5,325,324.5,324,327.5,328,328.5,329,329.5
1685063194105976323,325.5,325,324.5,324,323.5,327.5,328,328.5,329,329.5
1685063194140337262,325.5,325,324.5,324,323.5,327.5,328,328.5,329,329.5
1685063194140337262,326.5,325.5,325,324.5,324,327.5,328,328.5,329,329.5
1685063194140337262,326.5,325.5,325,324.5,324,328,328.5,329,329.5,330
1685063194140481994,326.5,325.5,325,324.5,324,328,328.5,329,329.5,330
1685063194152581503,326.5,326,325.5,325,324.5,328,328.5,329,329.5,330
1685063194173162077,326.5,326,325.5,325,324.5,328,328.5,329,329.5,330
1685063194173270230,326,325.5,325,324.5,324,328,328.5,329,329.5,330
1685063194173270230,326,325.5,325,324.5,324,328,328.5,329,329.5,330
1685063194173270230,326,325.5,325,324.5,324,328,328.5,329,329.5,330
1685063194173441963,326,325.5,325,324.5,324,328,328.5,329,329.5,330
1685063194173441963,326,325.5,325,324.5,324,328.5,329,329.5,330,330.5
1685063194183362871,326,325.5,325,324.5,324,328.5,329,329.5,330,330.5
1685063194183470834,326,325.5,325,324.5,324,328.5,329,329.5,330,330.5
1685063194183470834,326,325.5,325,324.5,324,328,328.5,329,329.5,330
1685063194183470834,326.5,326,325.5,325,324.5,328,328.5,329,329.5,330
1685063194183470834,326.5,325.5,325,324.5,324,328,328.5,329,329.5,330
1685063194211017748,326.5,325.5,325,324.5,324,328,328.5,329,329.5,330
1685063194211072672,326.5,325.5,325,324.5,324,328,328.5,329,329.5,330
1685063194211072672,326.5,326,325.5,325,324.5,328,328.5,329,329.5,330
1685063194211072672,326.5,326,325.5,325,324.5,328.5,329,329.5,330,330.5
1685063194211072672,326.5,326,325.5,325,324.5,329,329.5,330,330.5,331
1685063194211072672,326.5,326,325.5,325,324.5,328.5,329,329.5,330,330.5
1685063194221181292,326.5,326,325.5,325,324.5,329,329.5,330,330.5,331
1685063194221235184,326.5,326,325.5,325,324.5,329,329.5,330,330.5,331
1685063194221235184,326.5,326,325.5,325,324.5,329,329.5,330,330.5,331
1685063194221235184,326.5,326,325.5,325,324.5,328.5,329,329.5,330,330.5
1685063194221235184,326.5,326,325.5,325,324.5,328.5,329,329.5,330,330.5
1685063194221235184,326.5,326,325.5,325,324.5,328.5,329,329.5,330,330.5
1685063194233455249,326.5,326,325.5,325,324.5,328.5,329,329.5,330,330.5
1685063194233455249,326,325.5,325,324.5,324,328.5,329,329.5,330,330.5
1685063194245974547,326,325.5,325,324.5,324,328,328.5,329,329.5,330
1685063194245974547,326.5,326,325.5,325,324.5,328,328.5,329,329.5,330
1685063194245974547,326.5,326,325.5,325,324.5,328,329,329.5,330,330.5
1685063194245974547,326.5,326,325.5,325,324.5,328,329,329.5,330,330.5
1685063194256661503,326.5,326,325.5,325,324.5,329,329.5,330,330.5,331
1685063194256661503,326.5,326,325.5,325,324.5,329,329.5,330,330.5,331
1685063194256714954,326.5,326,325.5,325,324.5,329,329.5,330,330.5,331
1685063194256766591,326.5,326,325.5,325,324.5,329,329.5,330,330.5,331
1685063194268264661,326.5,326,325.5,325,324.5,329,329.5,330,330.5,331
1685063194268264661,326.5,326,325.5,325,324.5,329,329.5,330,330.5,331
1685063194268264661,326,325.5,325,324.5,324,329,329.5,330,330.5,331
1685063194268264661,326,325.5,325,324.5,324,328.5,329,329.5,330,330.5
1685063194268321117,326,325.5,325,324.5,324,329,329.5,330,330.5,331
1685063194278870826,326,325.5,325,324.5,324,329,329.5,330,330.5,331
1685063194278928324,326,325.5,325,324.5,324,329,329.5,330,330.5,331
1685063194278928324,326,325.5,325,324.5,324,329,329.5,330,330.5,331
1685063194278928324,326,325.5,325,324.5,324,329,329.5,330,330.5,331
1685063194288830707,326.5,326,325.5,325,324.5,329,329.5,330,330.5,331
1685063194288883707,326,325.5,325,324.5,324,329,329.5,330,330.5,331
1685063194288883707,326,325.5,325,324.5,324,329,329.5,330,330.5,331
1685063194288883707,326,325.5,325,324.5,324,329,329.5,330,330.5,331
1685063194288883707,326,325.5,325,324.5,324,329,329.5,330,330.5,331
1685063194302041052,326,325.5,325,324.5,324,329,329.5,330,330.5,331
1685063194310441536,326,325.5,325,324.5,324,329,329.5,330,330.5,331
1685063194310441536,326,325.5,325,324.5,324,329,329.5,330,330.5,331
1685063194310441536,326,325.5,325,324.5,324,329,329.5,330,330.5,331
1685063194323061863,326,325.5,325,324.5,324,329,329.5,330,330.5,331
1685063194323061863,326,325.5,325,324.5,324,329,329.5,330,330.5,331
1685063194323061863,326,325.5,325,324.5,324,329,329.5,330,330.5,331
1685063194323365924,326,325.5,325,324.5,324,329,329.5,330,330.5,331
1685063194323365924,326,325.5,325,324.5,324,329,329.5,330,330.5,331
1685063194323401210,326,325.5,325,324.5,324,329,329.5,330,330.5,331
1685063194332948517,326,325.5,325,324.5,324,329,329.5,330,330.5,331
1685063194332948517,326,325.5,325,324.5,324,329,329.5,330,330.5,331
1685063194332973013,325.5,325,324.5,324,323.5,329,329.5,330,330.5,331
1685063194343109416,325.5,325,324.5,324,323.5,329,329.5,330,330.5,331
1685063194367771594,325.5,325,324.5,324,323.5,329,329.5,330,330.5,331
1685063194367771594,326,325.5,325,324.5,324,329,329.5,330,330.5,331
1685063194367874257,326,325.5,325,324.5,324,329,329.5,330,330.5,331
1685063194378812556,326,325.5,325,324.5,324,329,329.5,330,330.5,331
1685063194401228716,326,325.5,325,324.5,324,329,329.5,330,330.5,331
1685063194401314297,326,325.5,325,324.5,324,329,329.5,330,330.5,331
1685063194411918879,326,325.5,325,324.5,324,329,329.5,330,330.5,331
1685063194411944317,326,325.5,325,324.5,324,329,329.5,330,330.5,331
1685063195054255251,326,325.5,325,324.5,324,329,329.5,330,330.5,331
1685063195099757700,326,325.5,325,324.5,324,329,329.5,330,330.5,331
1685063195600474594,326,325.5,325,324.5,324,329,329.5,330,330.5,331
1685063196724748967,326,325.5,325,324.5,324,329,329.5,330,330.5,331
1685063196753580233,326.5,326,325.5,325,324.5,329,329.5,330,330.5,331
1685063196784503668,326.5,326,325.5,325,324.5,329,329.5,330,330.5,331
1685063196818041823,326.5,326,325.5,325,324.5,329,329.5,330,330.5,331
1685063196818041823,326.5,326,325.5,325,324.5,329,329.5,330,330.5,331
1685063196818041823,326.5,326,325.5,325,324.5,329,329.5,330,330.5,331
1685063196933772810,326.5,326,325.5,325,324.5,329,329.5,330,330.5,331
1685063199333599982,326.5,326,325.5,325,324.5,329,329.5,330,330.5,331
1685063199367057354,326.5,326,325.5,325,324.5,329,329.5,330,330.5,331
1685063201204141336,327,326.5,326,325.5,325,329,329.5,330,330.5,331
1685063201236905016,327,326.5,326,325.5,325,329,329.5,330,330.5,331
1685063201269621137,327,326.5,326,325.5,325,329,329.5,330,330.5,331
1685063204219634601,327,326.5,326,325.5,325,329,329.5,330,330.5,331
1685063204405202440,327,326.5,326,325.5,325,329,329.5,330,330.5,331
1685063206397704921,327,326.5,326,325.5,325,329,329.5,330,330.5,331
1685063209205518687,327,326.5,326,325.5,325,329,329.5,330,330.5,331
1685063210113876855,327,326.5,326,325.5,325,329,329.5,330,330.5,331
1685063210747938339,327,326.5,326,325.5,325,329,329.5,330,330.5,331
1685063211385759111,327,326.5,326,325.5,325,328.5,329,329.5,330,330.5
1685063211420820235,327,326.5,326,325.5,325,328.5,329,329.5,330,330.5
1685063211420820235,327,326.5,326,325.5,325,328.5,329,329.5,330,330.5
1685063211420820235,327,326.5,326,325.5,325,328.5,329,329.5,330,330.5
1685063211421027865,327,326.5,326,325.5,325,328.5,329,329.5,330,330.5
1685063211738291019,327,326.5,326,325.5,325,328.5,329,329.5,330,330.5
1685063216436115857,327,326.5,326,325.5,325,328.5,329,329.5,330,330.5
1685063217962960134,326.5,326,325.5,325,324.5,327,328.5,329,329.5,330
1685063217995661958,326.5,326,325.5,325,324.5,327,328.5,329,329.5,330
1685063217995661958,326.5,326,325.5,325,324.5,327,328.5,329,329.5,330
1685063217995661958,326.5,326,325.5,325,324.5,327,328,328.5,329,329.5
1685063217995661958,326.5,326,325.5,325,324.5,327,328,328.5,329,329.5
1685063217995661958,326.5,326,325.5,325,324.5,327,328,328.5,329,329.5
1685063217995780420,326,325.5,325,324.5,324,327,328,328.5,329,329.5
1685063218029546373,326,325.5,325,324.5,324,327,328,328.5,329,329.5
1685063218029546373,326,325.5,325,324.5,324,327,328,328.5,329,329.5
1685063218029600414,326,325.5,325,324.5,324,327,328,328.5,329,329.5
1685063218029600414,326,325.5,325,324.5,324,327,328,328.5,329,329.5
1685063218059257251,326,325.5,325,324.5,324,327,328,328.5,329,329.5
1685063218059272760,326,325.5,325,324.5,324,327,328,328.5,329,329.5
1685063219149814864,326,325.5,325,324.5,324,327,328,328.5,329,329.5
1685063219182477014,326,325.5,325,324.5,324,327,328,328.5,329,329.5
1685063219182477014,326,325.5,325,324.5,324,327,328.5,329,329.5,330
1685063219205641450,326,325.5,325,324.5,324,327,328.5,329,329.5,330
1685063219217385431,326,325.5,325,324.5,324,327,328.5,329,329.5,330
1685063219217439763,326,325.5,325,324.5,324,327,328.5,329,329.5,330
1685063219217494506,326,325.5,325,324.5,324,327,328.5,329,329.5,330
1685063222820968829,326,325.5,325,324.5,324,327,328.5,329,329.5,330
1685063225846138783,326.5,326,325.5,325,324.5,327,328.5,329,329.5,330
1685063225880639215,326.5,326,325.5,325,324.5,327,328.5,329,329.5,330
1685063225880639215,326.5,326,325.5,325,324.5,327,328.5,329,329.5,330
1685063225913374311,326.5,326,325.5,325,324.5,327,328.5,329,329.5,330
1685063227330423887,326.5,326,325.5,325,324.5,327,328.5,329,329.5,330
1685063228622422135,326.5,326,325.5,325,324.5,327,328.5,329,329.5,330
1685063228655723144,326.5,326,325.5,325,324.5,328.5,329,329.5,330,330.5
1685063228701019086,326.5,326,325.5,325,324.5,328.5,329,329.5,330,330.5
1685063228736488456,326.5,326,325.5,325,324.5,328.5,329,329.5,330,330.5
1685063234729089559,326.5,326,325.5,325,324.5,328.5,329,329.5,330,330.5
1685063234790543621,326.5,326,325.5,325,324.5,328.5,329,329.5,330,330.5
1685063234821192200,326.5,326,325.5,325,324.5,328.5,329,329.5,330,330.5
1685063234851977375,326.5,326,325.5,325,324.5,328.5,329,329.5,330,330.5
1685063237129418323,326.5,326,325.5,325,324.5,328.5,329,329.5,330,330.5
1685063238076505263,326.5,326,325.5,325,324.5,328.5,329,329.5,330,330.5
1685063238099613553,326.5,326,325.5,325,324.5,328.5,329,329.5,330,330.5
1685063238130092393,327,326.5,326,325.5,325,328.5,329,329.5,330,330.5
1685063238140420356,327,326.5,326,325.5,325,328.5,329,329.5,330,330.5
1685063238162611474,327,326.5,326,325.5,325,328.5,329,329.5,330,330.5
1685063238173828306,327,326.5,326,325.5,325,328.5,329,329.5,330,330.5
1685063240405186254,327,326.5,326,325.5,325,328.5,329,329.5,330,330.5
1685063241117815884,326.5,326,325.5,325,324.5,328.5,329,329.5,330,330.5
1685063241153158337,326.5,326,325.5,325,324.5,328.5,329,329.5,330,330.5
1685063241185687366,326.5,326,325.5,325,324.5,328.5,329,329.5,330,330.5
1685063241230489822,326.5,326,325.5,325,324.5,328.5,329,329.5,330,330.5
1685063241307738220,326.5,326,325.5,325,324.5,328.5,329,329.5,330,330.5
1685063242038607259,326.5,326,325.5,325,324.5,328.5,329,329.5,330,330.5
1685063242335436353,326.5,326,325.5,325,324.5,328.5,329,329.5,330,330.5
1685063243572430520,326.5,326,325.5,325,324.5,328.5,329,329.5,330,330.5
1685063244995806465,326.5,326,325.5,325,324.5,328.5,329,329.5,330,330.5
1685063247505641168,326.5,326,325.5,325,324.5,328.5,329,329.5,330,330.5
1685063247539487861,326.5,326,325.5,325,324.5,328.5,329,329.5,330,330.5
1685063251373648623,326.5,326,325.5,325,324.5,328.5,329,329.5,330,330.5
1685063253519678111,326.5,326,325.5,325,324.5,328.5,329,329.5,330,330.5
1685063256723822083,326.5,326,325.5,325,324.5,328.5,329,329.5,330,330.5
1685063257069033535,326.5,326,325.5,325,324.5,328.5,329,329.5,330,330.5
1685063257206166809,326.5,326,325.5,325,324.5,328.5,329,329.5,330,330.5
1685063260321174852,326.5,326,325.5,325,324.5,328.5,329,329.5,330,330.5
1685063260464569724,326.5,326,325.5,325,324.5,328,328.5,329,329.5,330
1685063260489445273,326.5,326,325.5,325,324.5,328,328.5,329,329.5,330
1685063260489445273,326.5,326,325.5,325,324.5,328,328.5,329,329.5,330
1685063260489445273,326.5,326,325.5,325,324.5,328,328.5,329,329.5,330
1685063261007368304,326.5,326,325.5,325,324.5,328,328.5,329,329.5,330
1685063271035627600,326.5,326,325.5,325,324.5,328,328.5,329,329.5,330
1685063271068576718,326.5,326,325.5,325,324.5,328,328.5,329,329.5,330
1685063271080424765,326.5,326,325.5,325,324.5,328,328.5,329,329.5,330
1685063271113206058,326.5,326,325.5,325,324.5,328,328.5,329,329.5,330
1685063271921175137,326.5,326,325.5,325,324.5,328,328.5,329,329.5,330
1685063275079208008,326.5,326,325.5,325,324.5,328,328.5,329,329.5,330
1685063275111940379,327,326.5,326,325.5,325,328,328.5,329,329.5,330
1685063275136710971,327,326.5,326,325.5,325,328,328.5,329,329.5,330
1685063275171384006,327,326.5,326,325.5,325,328,328.5,329,329.5,330
1685063275171490276,327,326.5,326,325.5,325,328,328.5,329,329.5,330
1685063275498936099,327,326.5,326,325.5,325,328,328.5,329,329.5,330
1685063275597378343,327,326.5,326,325.5,325,328,328.5,329,329.5,330
1685063281289135764,327,326.5,326,325.5,325,328,328.5,329,329.5,330
1685063281301284416,327,326.5,326,325.5,325,328,328.5,329,329.5,330
1685063282609169694,327,326.5,326,325.5,325,328,328.5,329,329.5,330
1685063282632555065,326.5,326,325.5,325,324.5,328,328.5,329,329.5,330
1685063282654903158,326.5,326,325.5,325,324.5,328,328.5,329,329.5,330
1685063282677564739,326.5,326,325.5,325,324.5,328,328.5,329,329.5,330
1685063284821646770,326.5,326,325.5,325,324.5,327.5,328,328.5,329,329.5
1685063284856682467,326.5,326,325.5,325,324.5,327.5,328,328.5,329,329.5
1685063284856682467,326.5,326,325.5,325,324.5,327.5,328,328.5,329,329.5
1685063286476437972,326.5,326,325.5,325,324.5,327.5,328,328.5,329,329.5
1685063293517775542,326.5,326,325.5,325,324.5,327.5,328,328.5,329,329.5
1685063297104744103,326.5,326,325.5,325,324.5,327.5,328,328.5,329,329.5
1685063297195483644,326.5,326,325.5,325,324.5,328,328.5,329,329.5,330
1685063297195483644,327,326.5,326,325.5,325,328,328.5,329,329.5,330
1685063297230480488,327,326.5,326,325.5,325,328,328.5,329,329.5,330
1685063297252067802,327,326.5,326,325.5,325,328,328.5,329,329.5,330
1685063297262597353,327,326.5,326,325.5,325,328,328.5,329,329.5,330
1685063297655883545,327,326.5,326,325.5,325,328,328.5,329,329.5,330
1685063303357358883,327.5,327,326.5,326,325.5,328,328.5,329,329.5,330
1685063303390097887,327.5,327,326.5,326,325.5,328,328.5,329,329.5,330
1685063303390097887,327.5,327,326.5,326,325.5,328,328.5,329,329.5,330
1685063303390097887,327.5,327,326.5,326,325.5,328,328.5,329,329.5,330
1685063303390097887,327.5,327,326.5,326,325.5,328,328.5,329,329.5,330
1685063303420769489,327.5,327,326.5,326,325.5,328,328.5,329,329.5,330
1685063303452596610,327.5,327,326.5,326,325.5,328,328.5,329,329.5,330
1685063303483340087,327.5,327,326.5,326,325.5,328.5,329,329.5,330,330.5
1685063303514958897,327.5,327,326.5,326,325.5,328.5,329,329.5,330,330.5
1685063305414635399,327.5,327,326.5,326,325.5,328.5,329,329.5,330,330.5
1685063305740250575,327.5,327,326.5,326,325.5,328.5,329,329.5,330,330.5
1685063305973032849,327.5,327,326.5,326,325.5,328.5,329,329.5,330,330.5
1685063305973032849,328,327.5,327,326.5,326,328.5,329,329.5,330,330.5
1685063306009577359,328,327.5,327,326.5,326,328.5,329,329.5,330,330.5
1685063306010433847,328,327.5,327,326.5,326,328.5,329,329.5,330,330.5
1685063306010433847,328,327.5,327,326.5,326,329,329.5,330,330.5,331
1685063306041282601,328,327.5,327,326.5,326,329,329.5,330,330.5,331
1685063306041282601,328,327.5,327,326.5,326,329,329.5,330,330.5,331
1685063306041282601,328,327.5,327,326.5,326,329,329.5,330,330.5,331
1685063307505745034,328,327.5,327,326.5,326,329,329.5,330,330.5,331
1685063309208071543,328.5,328,327.5,327,326.5,329,329.5,330,330.5,331
1685063309230219831,328.5,328,327.5,327,326.5,329,329.5,330,330.5,331
1685063309230219831,328.5,328,327.5,327,326.5,329,329.5,330,330.5,331
1685063310358866885,328.5,328,327.5,327,326.5,329,329.5,330,330.5,331
1685063310358954029,328.5,328,327.5,327,326.5,329,329.5,330,330.5,331
1685063311093822317,328.5,328,327.5,327,326.5,329,329.5,330,330.5,331
1685063311275211440,328.5,328,327.5,327,326.5,329,329.5,330,330.5,331
1685063318833912992,328.5,328,327.5,327,326.5,329,329.5,330,330.5,331
1685063320905726374,328.5,328,327.5,327,326.5,329,329.5,330,330.5,331
1685063321003067020,328.5,328,327.5,327,326.5,329,329.5,330,330.5,331
1685063324611975798,328.5,328,327.5,327,326.5,329,329.5,330,330.5,331
1685063326218473921,328.5,328,327.5,327,326.5,329,329.5,330,330.5,331
1685063328977171883,328.5,328,327.5,327,326.5,329,329.5,330,330.5,331
1685063329246275938,328.5,328,327.5,327,326.5,329,329.5,330,330.5,331
1685063329312085067,328.5,328,327.5,327,326.5,329,329.5,330,330.5,331
1685063331192085273,328.5,328,327.5,327,326.5,329,329.5,330,330.5,331
1685063331827499297,328.5,328,327.5,327,326.5,329,329.5,330,330.5,331
1685063333351552092,328.5,328,327.5,327,326.5,329,329.5,330,330.5,331
1685063335478437924,328.5,328,327.5,327,326.5,329,329.5,330,330.5,331
1685063335986619594,328.5,328,327.5,327,326.5,329,329.5,330,330.5,331
1685063338411208431,328.5,328,327.5,327,326.5,329,329.5,330,330.5,331
1685063338739905934,328.5,328,327.5,327,326.5,329,329.5,330,330.5,331
1685063340885244224,328.5,328,327.5,327,326.5,329,329.5,330,330.5,331
1685063341031722476,328.5,328,327.5,327,326.5,329,329.5,330,330.5,331
1685063342565261223,328.5,328,327.5,327,326.5,329,329.5,330,330.5,331
1685063343313115394,328.5,328,327.5,327,326.5,329,329.5,330,330.5,331
1685063343510972720,328.5,328,327.5,327,326.5,329,329.5,330,330.5,331
1685063343544595363,328.5,328,327.5,327,326.5,329,329.5,330,330.5,331
1685063347036101264,328.5,328,327.5,327,326.5,329,329.5,330,330.5,331
1685063348272648703,328.5,328,327.5,327,326.5,329,329.5,330,330.5,331
1685063349291860251,328.5,328,327.5,327,326.5,329,329.5,330,330.5,331
1685063349391633484,328.5,328,327.5,327,326.5,329,329.5,330,330.5,331
1685063350775793844,328.5,328,327.5,327,326.5,329,329.5,330,330.5,331
1685063350807897946,328,327.5,327,326.5,326,329,329.5,330,330.5,331
1685063350828637358,328,327.5,327,326.5,326,329,329.5,330,330.5,331
1685063350828637358,328,327.5,327,326.5,326,329,329.5,330,330.5,331
1685063350828652166,328,327.5,327,326.5,326,329,329.5,330,330.5,331
1685063350841098807,328,327.5,327,326.5,326,329,329.5,330,330.5,331
1685063350849069804,328,327.5,327,326.5,326,329,329.5,330,330.5,331
1685063350849069804,328,327.5,327,326.5,326,329,329.5,330,330.5,331
1685063350870558483,328,327.5,327,326.5,326,329,329.5,330,330.5,331
1685063350941252495,328,327.5,327,326.5,326,329,329.5,330,330.5,331
1685063351184700737,328,327.5,327,326.5,326,329,329.5,330,330.5,331
1685063357013405503,328,327.5,327,326.5,326,329,329.5,330,330.5,331
1685063357307273798,328,327.5,327,326.5,326,328.5,329,329.5,330,330.5
1685063361786538789,328,327.5,327,326.5,326,328.5,329,329.5,330,330.5
1685063365538377456,328,327.5,327,326.5,326,328.5,329,329.5,330,330.5
1685063365538377456,328,327.5,327,326.5,326,328.5,329,329.5,330,330.5
1685063366681043684,328,327.5,327,326.5,326,328.5,329,329.5,330,330.5
1685063371783727816,328,327.5,327,326.5,326,328.5,329,329.5,330,330.5
1685063371818999716,328,327.5,327,326.5,326,329,329.5,330,330.5,331
1685063371851327157,328,327.5,327,326.5,326,329,329.5,330,330.5,331
1685063375080253715,328,327.5,327,326.5,326,329,329.5,330,330.5,331
1685063375113903880,328,327.5,327,326.5,326,329,329.5,330,330.5,331
1685063375113903880,328,327.5,327,326.5,326,329,329.5,330,330.5,331
1685063375460917185,328,327.5,327,326.5,326,329,329.5,330,330.5,331
1685063377628947413,328,327.5,327,326.5,326,329,329.5,330,330.5,331
1685063378464463227,328,327.5,327,326.5,326,329,329.5,330,330.5,331
1685063378486901399,328,327.5,327,326.5,326,329,329.5,330,330.5,331
1685063378497938653,328,327.5,327,326.5,326,329,329.5,330,330.5,331
1685063378497938653,328,327.5,327,326.5,326,329,329.5,330,330.5,331
1685063379366690033,328,327.5,327,326.5,326,329,329.5,330,330.5,331
1685063381001429093,328,327.5,327,326.5,326,329,329.5,330,330.5,331
1685063381778058206,328,327.5,327,326.5,326,329,329.5,330,330.5,331
1685063382663957374,328,327.5,327,326.5,326,329,329.5,330,330.5,331
1685063382686396207,328,327.5,327,326.5,326,329,329.5,330,330.5,331
1685063383396064287,328,327.5,327,326.5,326,329,329.5,330,330.5,331
1685063384220854100,328,327.5,327,326.5,326,329,329.5,330,330.5,331
1685063384825613403,328,327.5,327,326.5,326,329,329.5,330,330.5,331
1685063386183330642,328,327.5,327,326.5,326,329,329.5,330,330.5,331
1685063388657659676,328,327.5,327,326.5,326,329,329.5,330,330.5,331
1685063389435902949,328,327.5,327,326.5,326,329,329.5,330,330.5,331
1685063389717294436,328,327.5,327,326.5,326,329,329.5,330,330.5,331
1685063395573862432,328,327.5,327,326.5,326,329,329.5,330,330.5,331
1685063397493155147,328,327.5,327,326.5,326,329,329.5,330,330.5,331
1685063398532213061,328,327.5,327,326.5,326,329,329.5,330,330.5,331
1685063403511992666,328,327.5,327,326.5,326,329,329.5,330,330.5,331
1685063403738604053,328,327.5,327,326.5,326,329,329.5,330,330.5,331
1685063403760635992,328.5,328,327.5,327,326.5,329,329.5,330,330.5,331
1685063403781120355,328.5,328,327.5,327,326.5,329,329.5,330,330.5,331
1685063403883366392,328.5,328,327.5,327,326.5,329,329.5,330,330.5,331
1685063406131101953,328,327.5,327,326.5,326,329,329.5,330,330.5,331
1685063406615600994,328,327.5,327,326.5,326,328.5,329,329.5,330,330.5
1685063406874565891,328,327.5,327,326.5,326,328.5,329,329.5,330,330.5
1685063406905420086,328,327.5,327,326.5,326,328.5,329,329.5,330,330.5
1685063406915775661,328,327.5,327,326.5,326,328.5,329,329.5,330,330.5
1685063410872296438,328,327.5,327,326.5,326,328.5,329,329.5,330,330.5
1685063410884797081,328,327.5,327,326.5,326,328.5,329,329.5,330,330.5
1685063410928732458,328,327.5,327,326.5,326,328.5,329,329.5,330,330.5
1685063410939183752,328,327.5,327,326.5,326,328.5,329,329.5,330,330.5
1685063413184647267,328,327.5,327,326.5,326,328.5,329,329.5,330,330.5
1685063413605859324,328,327.5,327,326.5,326,328.5,329,329.5,330,330.5
1685063413605859324,328,327.5,327,326.5,326,328.5,329,329.5,330,330.5
1685063413638468314,328,327.5,327,326.5,326,328.5,329,329.5,330,330.5
1685063413638468314,328,327.5,327,326.5,326,328.5,329,329.5,330,330.5
1685063413672044009,328,327.5,327,326.5,326,328.5,329,329.5,330,330.5
1685063413672098602,328,327.5,327,326.5,326,328.5,329,329.5,330,330.5
1685063413704670171,328,327.5,327,326.5,326,328.5,329,329.5,330,330.5
1685063413704683957,328,327.5,327,326.5,326,328.5,329,329.5,330,330.5
1685063413747664181,328,327.5,327,326.5,326,328.5,329,329.5,330,330.5
1685063419147881580,328,327.5,327,326.5,326,328.5,329,329.5,330,330.5
1685063419454782245,328,327.5,327,326.5,326,328.5,329,329.5,330,330.5
1685063419496503134,328,327.5,327,326.5,326,328.5,329,329.5,330,330.5
1685063422146810432,328,327.5,327,326.5,326,328.5,329,329.5,330,330.5
1685063422824971672,328,327.5,327,326.5,326,328.5,329,329.5,330,330.5
1685063428461054754,328,327.5,327,326.5,326,328.5,329,329.5,330,330.5
1685063431114133516,328,327.5,327,326.5,326,328.5,329,329.5,330,330.5
1685063433743841765,328,327.5,327,326.5,326,328.5,329,329.5,330,330.5
1685063436646763776,328,327.5,327,326.5,326,328.5,329,329.5,330,330.5
1685063436681529185,328,327.5,327,326.5,326,328.5,329,329.5,330,330.5
1685063438465183102,328,327.5,327,326.5,326,329,329.5,330,330.5,331
1685063438498043905,328,327.5,327,326.5,326,329,329.5,330,330.5,331
1685063439585930894,328,327.5,327,326.5,326,329,329.5,330,330.5,331
1685063441461619925,328,327.5,327,326.5,326,329,329.5,330,330.5,331
1685063442549230847,328,327.5,327,326.5,326,329,329.5,330,330.5,331
1685063444836972036,328,327.5,327,326.5,326,329,329.5,330,330.5,331
1685063445749085617,328,327.5,327,326.5,326,329,329.5,330,330.5,331
1685063445782253837,328,327.5,327,326.5,326,329,329.5,330,330.5,331
1685063446683384615,328,327.5,327,326.5,326,329,329.5,330,330.5,331
1685063448779157336,328,327.5,327,326.5,326,329,329.5,330,330.5,331
1685063448809811405,328,327.5,327,326.5,326,329,329.5,330,330.5,331
1685063449752532708,328,327.5,327,326.5,326,329.5,330,330.5,331,331.5
1685063449787154427,328,327.5,327,326.5,326,329.5,330,330.5,331,331.5
1685063454099103070,328,327.5,327,326.5,326,329.5,330,330.5,331,331.5
1685063455602113765,328.5,328,327.5,327,326.5,329.5,330,330.5,331,331.5
1685063455636958422,328.5,328,327.5,327,326.5,329.5,330,330.5,331,331.5
1685063455636984712,328.5,328,327.5,327,326.5,329.5,330,330.5,331,331.5
1685063455670043215,328.5,328,327.5,327,326.5,329.5,330,330.5,331,331.5
1685063460599812637,328.5,328,327.5,327,326.5,329.5,330,330.5,331,331.5
1685063461018209048,328.5,328,327.5,327,326.5,329.5,330,330.5,331,331.5
1685063461223039637,328.5,328,327.5,327,326.5,329.5,330,330.5,331,331.5
1685063463071316847,328.5,328,327.5,327,326.5,329.5,330,330.5,331,331.5
1685063466095531018,328.5,328,327.5,327,326.5,329,329.5,330,330.5,331
1685063466509304398,328.5,328,327.5,327,326.5,329,329.5,330,330.5,331
1685063467917193845,328.5,328,327.5,327,326.5,329,329.5,330,330.5,331
1685063470658632429,328.5,328,327.5,327,326.5,329.5,330,330.5,331,331.5
1685063472160920648,328.5,328,327.5,327,326.5,329.5,330,330.5,331,331.5
1685063472236177878,328.5,328,327.5,327,326.5,329.5,330,330.5,331,331.5
1685063481408272010,328.5,328,327.5,327,326.5,329.5,330,330.5,331,331.5
1685063481682833803,328.5,328,327.5,327,326.5,329.5,330,330.5,331,331.5
1685063482547150847,329,328.5,328,327.5,327,329.5,330,330.5,331,331.5
1685063482567884809,329,328.5,328,327.5,327,329.5,330,330.5,331,331.5
1685063482600307559,329,328.5,328,327.5,327,329.5,330,330.5,331,331.5
1685063483644726870,329,328.5,328,327.5,327,329.5,330,330.5,331,331.5
1685063484115693181,329,328.5,328,327.5,327,329.5,330,330.5,331,331.5
1685063486225253821,329,328.5,328,327.5,327,329.5,330,330.5,331,331.5
1685063486817287840,329,328.5,328,327.5,327,329.5,330,330.5,331,331.5
1685063489607676338,329,328.5,328,327.5,327,329.5,330,330.5,331,331.5
1685063491738444721,329,328.5,328,327.5,327,329.5,330,330.5,331,331.5
1685063496713460321,329,328.5,328,327.5,327,329.5,330,330.5,331,331.5
1685063497198555832,329,328.5,328,327.5,327,329.5,330,330.5,331,331.5
1685063499772873024,329,328.5,328,327.5,327,329.5,330,330.5,331,331.5
1685063505357721234,329,328.5,328,327.5,327,329.5,330,330.5,331,331.5
1685063505610109462,329,328.5,328,327.5,327,329.5,330,330.5,331,331.5
1685063512817064694,329,328.5,328,327.5,327,329.5,330,330.5,331,331.5
1685063517280226148,329,328.5,328,327.5,327,329.5,330,330.5,331,331.5
1685063518261337727,329,328.5,328,327.5,327,329.5,330,330.5,331,331.5
1685063521098011504,329,328.5,328,327.5,327,329.5,330,330.5,331,331.5
1685063522071686819,329,328.5,328,327.5,327,329.5,330,330.5,331,331.5
1685063530190991615,329,328.5,328,327.5,327,329.5,330,330.5,331,331.5
1685063530902351251,329,328.5,328,327.5,327,329.5,330,330.5,331,331.5
1685063535593832100,329,328.5,328,327.5,327,329.5,330,330.5,331,331.5
1685063536768382948,329,328.5,328,327.5,327,329.5,330,330.5,331,331.5
1685063539429708665,329,328.5,328,327.5,327,329.5,330,330.5,331,331.5
1685063542387137834,328.5,328,327.5,327,326.5,329,329.5,330,330.5,331
1685063542429048218,328.5,328,327.5,327,326.5,329,329.5,330,330.5,331
1685063542505781429,328.5,328,327.5,327,326.5,329,329.5,330,330.5,331
1685063545774023337,328.5,328,327.5,327,326.5,329,329.5,330,330.5,331
1685063548304804699,328.5,328,327.5,327,326.5,329,329.5,330,330.5,331
1685063548584510407,328.5,328,327.5,327,326.5,329,329.5,330,330.5,331
1685063550068450805,328.5,328,327.5,327,326.5,329,329.5,330,330.5,331
1685063554239416802,328.5,328,327.5,327,326.5,329,329.5,330,330.5,331
1685063554270952516,328.5,328,327.5,327,326.5,329,329.5,330,330.5,331
1685063555727193794,328.5,328,327.5,327,326.5,329,329.5,330,330.5,331
1685063557019761284,328.5,328,327.5,327,326.5,329,329.5,330,330.5,331
1685063563328168386,328.5,328,327.5,327,326.5,329,329.5,330,330.5,331
1685063564155552139,328.5,328,327.5,327,326.5,329,329.5,330,330.5,331
1685063564335734455,328.5,328,327.5,327,326.5,329,329.5,330,330.5,331
1685063564335734455,328.5,328,327.5,327,326.5,329,329.5,330,330.5,331
1685063566229161578,328.5,328,327.5,327,326.5,329,329.5,330,330.5,331
1685063566274177524,328.5,328,327.5,327,326.5,329,329.5,330,330.5,331
1685063566274177524,328.5,328,327.5,327,326.5,329,329.5,330,330.5,331
1685063572038730230,328.5,328,327.5,327,326.5,329,329.5,330,330.5,331
1685063573266193786,328.5,328,327.5,327,326.5,329,329.5,330,330.5,331
1685063573358276849,328.5,328,327.5,327,326.5,329,329.5,330,330.5,331
1685063573358276849,328.5,328,327.5,327,326.5,329,329.5,330,330.5,331
1685063575170811002,328.5,328,327.5,327,326.5,329,329.5,330,330.5,331
1685063575200780665,328,327.5,327,326.5,326,329,329.5,330,330.5,331
1685063575233319653,328,327.5,327,326.5,326,329,329.5,330,330.5,331
1685063575233395566,328,327.5,327,326.5,326,329,329.5,330,330.5,331
1685063575233395566,328,327.5,327,326.5,326,329,329.5,330,330.5,331
1685063575233395566,328,327.5,327,326.5,326,329,329.5,330,330.5,331
1685063575245561660,328,327.5,327,326.5,326,329,329.5,330,330.5,331
1685063575255874875,328,327.5,327,326.5,326,329,329.5,330,330.5,331
1685063576943354294,328,327.5,327,326.5,326,329,329.5,330,330.5,331
1685063577324276425,328,327.5,327,326.5,326,329,329.5,330,330.5,331
1685063577389803083,328,327.5,327,326.5,326,329,329.5,330,330.5,331
1685063577481050106,328,327.5,327,326.5,326,329,329.5,330,330.5,331
1685063578009751689,328.5,328,327.5,327,326.5,329,329.5,330,330.5,331
1685063578043777880,328.5,328,327.5,327,326.5,329,329.5,330,330.5,331
1685063578044799819,328,327.5,327,326.5,326,329,329.5,330,330.5,331
1685063579537379058,328,327.5,327,326.5,326,329,329.5,330,330.5,331
1685063579574521419,328,327.5,327,326.5,326,329,329.5,330,330.5,331
1685063579657350526,328,327.5,327,326.5,326,329,329.5,330,330.5,331
1685063579733169730,328,327.5,327,326.5,326,329,329.5,330,330.5,331
1685063581104730275,328,327.5,327,326.5,326,329,329.5,330,330.5,331
1685063581125213225,328,327.5,327,326.5,326,329,329.5,330,330.5,331
1685063581135942802,328,327.5,327,326.5,326,329,329.5,330,330.5,331
1685063581168770342,328,327.5,327,326.5,326,328.5,329,329.5,330,330.5
1685063581168770342,328,327.5,327,326.5,326,328.5,329,329.5,330,330.5
1685063581168881500,328,327.5,327,326.5,326,328.5,329,329.5,330,330.5
1685063581168881500,327.5,327,326.5,326,325.5,328.5,329,329.5,330,330.5
1685063581192767871,327.5,327,326.5,326,325.5,328.5,329,329.5,330,330.5
1685063581192767871,327.5,327,326.5,326,325.5,328.5,329,329.5,330,330.5
1685063581192878078,327.5,327,326.5,326,325.5,328.5,329,329.5,330,330.5
1685063581220773617,327.5,327,326.5,326,325.5,328.5,329,329.5,330,330.5
1685063582606362422,327.5,327,326.5,326,325.5,328.5,329,329.5,330,330.5
1685063585163299437,327.5,327,326.5,326,325.5,328.5,329,329.5,330,330.5
1685063585196004176,327.5,327,326.5,326,325.5,328.5,329,329.5,330,330.5
1685063587356755159,327.5,327,326.5,326,325.5,328.5,329,329.5,330,330.5
1685063587387273222,327.5,327,326.5,326,325.5,328,328.5,329,329.5,330
1685063587387273222,327,326.5,326,325.5,325,328,328.5,329,329.5,330
1685063587387273222,327,326.5,326,325.5,325,328,328.5,329,329.5,330
1685063587420966978,327,326.5,326,325.5,325,327.5,328,328.5,329,329.5
1685063587420966978,327,326.5,326,325.5,325,327.5,328,328.5,329,329.5
1685063587420966978,327,326.5,326,325.5,325,327.5,328,328.5,329,329.5
1685063587420966978,327,326.5,326,325.5,325,327.5,328,328.5,329,329.5
1685063587428328852,327,326.5,326,325.5,325,327.5,328,328.5,329,329.5
1685063587451989849,327,326.5,326,325.5,325,328,328.5,329,329.5,330
1685063587452098734,327,326.5,326,325.5,325,328,328.5,329,329.5,330
1685063587452098734,327,326.5,326,325.5,325,327.5,328,328.5,329,329.5
1685063587584922294,327,326.5,326,325.5,325,328,328.5,329,329.5,330
1685063587584967329,327,326.5,326,325.5,325,327.5,328,328.5,329,329.5
1685063589031823875,327,326.5,326,325.5,325,328,328.5,329,329.5,330
1685063589031931878,327,326.5,326,325.5,325,327.5,328,328.5,329,329.5
1685063589063648943,327,326.5,326,325.5,325,327.5,328.5,329,329.5,330
1685063589833521619,327,326.5,326,325.5,325,327.5,328.5,329,329.5,330
1685063589894068617,327,326.5,326,325.5,325,327.5,328.5,329,329.5,330
1685063589924849664,327,326.5,326,325.5,325,328.5,329,329.5,330,330.5
1685063589924849664,327,326.5,326,325.5,325,328.5,329,329.5,330,330.5
1685063589955955160,327,326.5,326,325.5,325,328.5,329,329.5,330,330.5
1685063589955955160,327,326.5,326,325.5,325,328.5,329,329.5,330,330.5
1685063592070331607,327,326.5,326,325.5,325,328.5,329,329.5,330,330.5
1685063594764206828,327,326.5,326,325.5,325,328.5,329,329.5,330,330.5
1685063595125215748,327,326.5,326,325.5,325,328.5,329,329.5,330,330.5
1685063610829007055,327,326.5,326,325.5,325,328.5,329,329.5,330,330.5
1685063610849524179,327,326.5,326,325.5,325,328.5,329,329.5,330,330.5
1685063618124959223,327,326.5,326,325.5,325,328.5,329,329.5,330,330.5
1685063620161168527,327,326.5,326,325.5,325,328,328.5,329,329.5,330
1685063620197545011,327,326.5,326,325.5,325,328,328.5,329,329.5,330
1685063620197545011,327,326.5,326,325.5,325,328,328.5,329,329.5,330
1685063620197545011,327,326.5,326,325.5,325,328,328.5,329,329.5,330
1685063627493681446,327,326.5,326,325.5,325,328,328.5,329,329.5,330
1685063632377196345,327,326.5,326,325.5,325,328,328.5,329,329.5,330
1685063632479781587,327,326.5,326,325.5,325,327.5,328,328.5,329,329.5
1685063632522629271,327,326.5,326,325.5,325,327.5,328,328.5,329,329.5
1685063633570185559,327,326.5,326,325.5,325,327.5,328,328.5,329,329.5
1685063633570332245,327,326.5,326,325.5,325,327.5,328,328.5,329,329.5
1685063633580720901,327,326.5,326,325.5,325,327.5,328,328.5,329,329.5
1685063633593437769,327,326.5,326,325.5,325,327.5,328,328.5,329,329.5
1685063634715739666,327,326.5,326,325.5,325,327.5,328,328.5,329,329.5
1685063640540728323,327,326.5,326,325.5,325,327.5,328,328.5,329,329.5
1685063643143309644,327,326.5,326,325.5,325,327.5,328,328.5,329,329.5
1685063643178085672,327,326.5,326,325.5,325,327.5,328,328.5,329,329.5
1685063643521558255,327,326.5,326,325.5,325,327.5,328,328.5,329,329.5
1685063643556699208,327,326.5,326,325.5,325,327.5,328,328.5,329,329.5
1685063645396654289,327,326.5,326,325.5,325,327.5,328,328.5,329,329.5
1685063645529457331,327,326.5,326,325.5,325,327.5,328,328.5,329,329.5
1685063650277833292,327,326.5,326,325.5,325,327.5,328,328.5,329,329.5
1685063651281941649,327,326.5,326,325.5,325,327.5,328,328.5,329,329.5
1685063652057834699,327,326.5,326,325.5,325,327.5,328,328.5,329,329.5
1685063655368679133,327,326.5,326,325.5,325,327.5,328,328.5,329,329.5
1685063655545368289,327,326.5,326,325.5,325,327.5,328,328.5,329,329.5
1685063655576102298,327,326.5,326,325.5,325,327.5,328,328.5,329,329.5
1685063674955823027,327,326.5,326,325.5,325,327.5,328,328.5,329,329.5
1685063675475056192,327,326.5,326,325.5,325,327.5,328,328.5,329,329.5
1685063676851175767,327,326.5,326,325.5,325,327.5,328,328.5,329,329.5
1685063679817626921,327,326.5,326,325.5,325,327.5,328,328.5,329,329.5
1685063679850360474,326.5,326,325.5,325,324.5,327.5,328,328.5,329,329.5
1685063679892408877,326.5,326,325.5,325,324.5,327.5,328,328.5,329,329.5
1685063679914978235,326.5,326,325.5,325,324.5,327.5,328,328.5,329,329.5
1685063680747348132,326.5,326,325.5,325,324.5,327.5,328,328.5,329,329.5
1685063688843141531,326.5,326,325.5,325,324.5,327.5,328,328.5,329,329.5
1685063690580027441,326.5,326,325.5,325,324.5,327.5,328,328.5,329,329.5
1685063693901018037,327,326.5,326,325.5,325,327.5,328,328.5,329,329.5
1685063693923494089,327,326.5,326,325.5,325,327.5,328,328.5,329,329.5
1685063696348390004,327,326.5,326,325.5,325,327.5,328,328.5,329,329.5
1685063697390224108,327,326.5,326,325.5,325,327.5,328,328.5,329,329.5
1685063702557942412,327,326.5,326,325.5,325,327.5,328,328.5,329,329.5
1685063703801976773,327,326.5,326,325.5,325,327.5,328,328.5,329,329.5
1685063706126481756,327,326.5,326,325.5,325,327.5,328,328.5,329,329.5
1685063712554140869,327,326.5,326,325.5,325,327.5,328,328.5,329,329.5
1685063712626074407,327,326.5,326,325.5,325,327.5,328,328.5,329,329.5
1685063716311413063,327,326.5,326,325.5,325,327.5,328,328.5,329,329.5
1685063716331910040,327,326.5,326,325.5,325,327.5,328,328.5,329,329.5
1685063720869201012,327,326.5,326,325.5,325,327.5,328,328.5,329,329.5
1685063720900981816,327,326.5,326,325.5,325,327.5,328,328.5,329,329.5
1685063721678978177,327,326.5,326,325.5,325,327.5,328,328.5,329,329.5
1685063721701966541,327,326.5,326,325.5,325,327.5,328,328.5,329,329.5
1685063727090346939,327,326.5,326,325.5,325,327.5,328,328.5,329,329.5
1685063727090346939,327,326.5,326,325.5,325,327.5,328,328.5,329,329.5
1685063727133190546,327,326.5,326,325.5,325,327.5,328,328.5,329,329.5
1685063727940266869,327,326.5,326,325.5,325,327.5,328,328.5,329,329.5
1685063731070694980,327,326.5,326,325.5,325,327.5,328,328.5,329,329.5
1685063732436415329,327,326.5,326,325.5,325,327.5,328,328.5,329,329.5
1685063746466436827,327,326.5,326,325.5,325,327.5,328,328.5,329,329.5
1685063746496246811,327,326.5,326,325.5,325,327.5,328,328.5,329,329.5
1685063749542416571,327,326.5,326,325.5,325,327.5,328,328.5,329,329.5
1685063759509315074,327,326.5,326,325.5,325,327.5,328,328.5,329,329.5
1685063759539907747,327,326.5,326,325.5,325,327.5,328,328.5,329,329.5
1685063759572759943,326.5,326,325.5,325,324.5,327.5,328,328.5,329,329.5
1685063759603454348,326.5,326,325.5,325,324.5,327.5,328,328.5,329,329.5
1685063765315588524,326.5,326,325.5,325,324.5,327,327.5,328,328.5,329
1685063778781291913,326.5,326,325.5,325,324.5,327,327.5,328,328.5,329
1685063780574106941,326.5,326,325.5,325,324.5,327,327.5,328,328.5,329
1685063782444315991,326.5,326,325.5,325,324.5,327,327.5,328,328.5,329
1685063782454709677,326.5,326,325.5,325,324.5,327,327.5,328,328.5,329
1685063782454709677,326.5,326,325.5,325,324.5,327,327.5,328,328.5,329
1685063782454723883,326.5,326,325.5,325,324.5,327,327.5,328,328.5,329
1685063782464516962,326.5,326,325.5,325,324.5,327,327.5,328,328.5,329
1685063782464541668,326.5,326,325.5,325,324.5,327,327.5,328,328.5,329
1685063786637292901,326.5,326,325.5,325,324.5,327,327.5,328,328.5,329
1685063788349531272,326.5,326,325.5,325,324.5,327,328,328.5,329,329.5
1685063795877024618,326.5,326,325.5,325,324.5,327,328,328.5,329,329.5
1685063795897718805,326.5,326,325.5,325,324.5,327,328,328.5,329,329.5
1685063795897718805,326.5,326,325.5,325,324.5,327,328,328.5,329,329.5
1685063795921184556,326.5,326,325.5,325,324.5,327,328,328.5,329,329.5
1685063795921184556,326.5,326,325.5,325,324.5,327,328,328.5,329,329.5
1685063795921184556,326.5,326,325.5,325,324.5,327,328,328.5,329,329.5
1685063795921184556,326.5,326,325.5,325,324.5,327,328,328.5,329,329.5
1685063795956439013,326.5,326,325.5,325,324.5,327,328,328.5,329,329.5
1685063795956557816,326.5,326,325.5,325,324.5,327,328,328.5,329,329.5
1685063800191925994,326.5,326,325.5,325,324.5,327,328,328.5,329,329.5
1685063800224621075,326,325.5,325,324.5,324,327,328,328.5,329,329.5
1685063800254858892,326,325.5,325,324.5,324,327,328,328.5,329,329.5
1685063800254983336,326,325.5,325,324.5,324,327,328,328.5,329,329.5
1685063800264938288,326,325.5,325,324.5,324,327,328,328.5,329,329.5
1685063800277321309,326,325.5,325,324.5,324,327,328,328.5,329,329.5
1685063801178321893,326,325.5,325,324.5,324,327,328,328.5,329,329.5
1685063805808869082,326,325.5,325,324.5,324,327,328,328.5,329,329.5
1685063805842976405,326,325.5,325,324.5,324,327,328,328.5,329,329.5
1685063808965903712,326,325.5,325,324.5,324,327,328,328.5,329,329.5
1685063810983246422,326,325.5,325,324.5,324,327,328,328.5,329,329.5
1685063813334428517,326,325.5,325,324.5,324,327,328,328.5,329,329.5
1685063814434781641,326,325.5,325,324.5,324,327,328,328.5,329,329.5
1685063824673182593,326,325.5,325,324.5,324,326.5,327,328,328.5,329
1685063824703932661,326,325.5,325,324.5,324,326.5,327,328,328.5,329
1685063826111993353,326,325.5,325,324.5,324,326.5,327,328,328.5,329
1685063830941335317,326,325.5,325,324.5,324,327,328,328.5,329,329.5
1685063830974057589,326,325.5,325,324.5,324,327,328,328.5,329,329.5
1685063831006699159,326,325.5,325,324.5,324,327,328,328.5,329,329.5
1685063831017090872,326,325.5,325,324.5,324,327,328,328.5,329,329.5
1685063835518384865,326,325.5,325,324.5,324,327,328,328.5,329,329.5
1685063837001504434,326,325.5,325,324.5,324,327,328,328.5,329,329.5
1685063842760422957,326,325.5,325,324.5,324,327,328,328.5,329,329.5
1685063852518007970,326,325.5,325,324.5,324,327,328,328.5,329,329.5
1685063856551645413,326,325.5,325,324.5,324,327,328,328.5,329,329.5
1685063859641038024,326,325.5,325,324.5,324,327,328,328.5,329,329.5
1685063863761128488,326,325.5,325,324.5,324,327,328,328.5,329,329.5
1685063866652753013,326,325.5,325,324.5,324,327,328,328.5,329,329.5
1685063873001910059,326,325.5,325,324.5,324,326.5,327,328,328.5,329
1685063873043946620,326,325.5,325,324.5,324,326.5,327,328,328.5,329
1685063873044089959,326,325.5,325,324.5,324,327,328,328.5,329,329.5
1685063873168587706,326,325.5,325,324.5,324,327,328,328.5,329,329.5
1685063873201217194,326,325.5,325,324.5,324,327,328,328.5,329,329.5
1685063876601442741,326,325.5,325,324.5,324,327,328,328.5,329,329.5
1685063883008846135,326,325.5,325,324.5,324,327,328,328.5,329,329.5
1685063884349517691,326,325.5,325,324.5,324,327,328,328.5,329,329.5
1685063884834828541,326,325.5,325,324.5,324,327,328,328.5,329,329.5
1685063890350114452,326.5,326,325.5,325,324.5,327,328,328.5,329,329.5
1685063890390028107,326.5,326,325.5,325,324.5,327,328,328.5,329,329.5
1685063898213643840,326.5,326,325.5,325,324.5,327,328,328.5,329,329.5
1685063910460802626,326.5,326,325.5,325,324.5,327,328,328.5,329,329.5
1685063910527310456,326.5,326,325.5,325,324.5,327,328,328.5,329,329.5
1685063910592872000,326.5,326,325.5,325,324.5,327,328,328.5,329,329.5
1685063911854075291,326.5,326,325.5,325,324.5,327,328,328.5,329,329.5
1685063912307088536,326.5,326,325.5,325,324.5,327,328,328.5,329,329.5
1685063916035350963,326.5,326,325.5,325,324.5,327,328,328.5,329,329.5
1685063916068217295,326.5,326,325.5,325,324.5,327,328,328.5,329,329.5
1685063916431050211,326.5,326,325.5,325,324.5,327,328,328.5,329,329.5
1685063916431050211,326.5,326,325.5,325,324.5,327,328,328.5,329,329.5
1685063920201791830,326.5,326,325.5,325,324.5,327,328,328.5,329,329.5
1685063920987932243,326.5,326,325.5,325,324.5,328,328.5,329,329.5,330
1685063921022462920,326.5,326,325.5,325,324.5,328,328.5,329,329.5,330
1685063921055120761,326.5,326,325.5,325,324.5,328,328.5,329,329.5,330
1685063921055230317,326.5,326,325.5,325,324.5,328,328.5,329,329.5,330
1685063921067385350,326.5,326,325.5,325,324.5,328,328.5,329,329.5,330
1685063921067385350,326.5,326,325.5,325,324.5,328,328.5,329,329.5,330
1685063921201634367,326.5,326,325.5,325,324.5,328,328.5,329,329.5,330
1685063926585950849,326.5,326,325.5,325,324.5,328,328.5,329,329.5,330
1685063936539132965,326.5,326,325.5,325,324.5,328,328.5,329,329.5,330
1685063940266557809,326.5,326,325.5,325,324.5,328,328.5,329,329.5,330
1685063940471348902,326.5,326,325.5,325,324.5,328,328.5,329,329.5,330
1685063940504126768,326.5,326,325.5,325,324.5,328,328.5,329,329.5,330
1685063941430992328,326.5,326,325.5,325,324.5,328,328.5,329,329.5,330
1685063947816005573,326.5,326,325.5,325,324.5,328,328.5,329,329.5,330
1685063949391566868,326.5,326,325.5,325,324.5,328,328.5,329,329.5,330
1685063954723606101,326.5,326,325.5,325,324.5,328,328.5,329,329.5,330
1685063955009414789,326.5,326,325.5,325,324.5,328,328.5,329,329.5,330
1685063957886782856,326.5,326,325.5,325,324.5,328,328.5,329,329.5,330
1685063960489194000,327,326.5,326,325.5,325,328,328.5,329,329.5,330
1685063960519512679,327,326.5,326,325.5,325,328,328.5,329,329.5,330
1685063960554961511,327,326.5,326,325.5,325,328,328.5,329,329.5,330
1685063965214697090,327,326.5,326,325.5,325,328,328.5,329,329.5,330
1685063971041225728,327,326.5,326,325.5,325,328,328.5,329,329.5,330
1685063971973091146,327,326.5,326,325.5,325,328,328.5,329,329.5,330
1685063973098020848,327,326.5,326,325.5,325,328,328.5,329,329.5,330
1685063980301323382,326.5,326,325.5,325,324.5,327,328,328.5,329,329.5
1685063980323296169,326.5,326,325.5,325,324.5,327,328,328.5,329,329.5
1685063980323296169,326.5,326,325.5,325,324.5,327,328,328.5,329,329.5
1685063980323296169,326.5,326,325.5,325,324.5,327,328,328.5,329,329.5
1685063980654843941,326.5,326,325.5,325,324.5,327,328,328.5,329,329.5
1685063980810408402,326.5,326,325.5,325,324.5,327,328,328.5,329,329.5
1685063982517476135,326.5,326,325.5,325,324.5,327,328,328.5,329,329.5
1685063982550101696,326.5,326,325.5,325,324.5,327,328,328.5,329,329.5
1685063985169798287,326.5,326,325.5,325,324.5,327,328,328.5,329,329.5
1685063985169873959,326.5,326,325.5,325,324.5,327,328,328.5,329,329.5
1685063985206485584,326.5,326,325.5,325,324.5,327,328,328.5,329,329.5
1685063986584893619,326.5,326,325.5,325,324.5,327,328,328.5,329,329.5
1685063991550210984,326.5,326,325.5,325,324.5,327,328,328.5,329,329.5
1685063991550210984,326.5,326,325.5,325,324.5,327,328,328.5,329,329.5
1685063991581129359,326.5,326,325.5,325,324.5,327,328,328.5,329,329.5
1685063991581129359,326.5,326,325.5,325,324.5,327,328,328.5,329,329.5
1685063992283384382,326.5,326,325.5,325,324.5,327,328,328.5,329,329.5
1685063996514010159,326.5,326,325.5,325,324.5,327,328,328.5,329,329.5
1685063997583571307,326.5,326,325.5,325,324.5,327,328,328.5,329,329.5
1685063998769435334,326.5,326,325.5,325,324.5,327,328,328.5,329,329.5
1685063998959886662,326.5,326,325.5,325,324.5,327,328,328.5,329,329.5
1685064004564742218,326.5,326,325.5,325,324.5,327,328,328.5,329,329.5
1685064004595043134,326,325.5,325,324.5,324,327,328,328.5,329,329.5
1685064004595043134,326,325.5,325,324.5,324,327,328,328.5,329,329.5
1685064004595148081,326,325.5,325,324.5,324,327,328,328.5,329,329.5
1685064004595148081,326,325.5,325,324.5,324,327,328,328.5,329,329.5
1685064004595148081,326,325.5,325,324.5,324,326.5,327,328,328.5,329
1685064004627905058,326,325.5,325,324.5,324,326.5,327,328,328.5,329
1685064004627905058,326,325.5,325,324.5,324,326.5,327,328,328.5,329
1685064004628012850,326,325.5,325,324.5,324,326.5,327,328,328.5,329
1685064004628012850,326,325.5,325,324.5,324,326.5,327,328,328.5,329
1685064004628012850,326,325.5,325,324.5,324,326.5,327,328,328.5,329
1685064004640876845,326,325.5,325,324.5,324,326.5,327,328,328.5,329
1685064010102136263,326,325.5,325,324.5,324,326.5,327,328,328.5,329
1685064011857734071,326,325.5,325,324.5,324,326.5,327,328,328.5,329
1685064011985918841,326,325.5,325,324.5,324,326.5,327,328,328.5,329
1685064014070161069,326,325.5,325,324.5,324,326.5,327,328,328.5,329
1685064015461789648,326,325.5,325,324.5,324,326.5,327,328,328.5,329
1685064015496621972,326,325.5,325,324.5,324,326.5,327,328,328.5,329
1685064020314659092,326,325.5,325,324.5,324,326.5,327,328,328.5,329
1685064024398509422,326,325.5,325,324.5,324,326.5,327,328,328.5,329
1685064024440362909,326,325.5,325,324.5,324,327,328,328.5,329,329.5
1685064027082989747,326,325.5,325,324.5,324,327,328,328.5,329,329.5
1685064027115182014,326,325.5,325,324.5,324,327,328,328.5,329,329.5
1685064031828700101,326,325.5,325,324.5,324,326.5,327,328,328.5,329
1685064031849152895,326,325.5,325,324.5,324,326.5,327,328,328.5,329
1685064031849170247,326,325.5,325,324.5,324,326.5,327,328,328.5,329
1685064034224811060,326,325.5,325,324.5,324,326.5,327,328,328.5,329
1685064041248502252,326,325.5,325,324.5,324,326.5,327,328,328.5,329
1685064042231494951,326,325.5,325,324.5,324,326.5,327,328,328.5,329
1685064048210762075,326,325.5,325,324.5,324,326.5,327,328,328.5,329
1685064048680749964,326,325.5,325,324.5,324,326.5,327,328,328.5,329
1685064048711430843,326,325.5,325,324.5,324,327,328,328.5,329,329.5
1685064050116484059,326,325.5,325,324.5,324,327,328,328.5,329,329.5
1685064050136883412,326,325.5,325,324.5,324,327,328,328.5,329,329.5
1685064050149144835,326,325.5,325,324.5,324,327,328,328.5,329,329.5
1685064053964784341,326,325.5,325,324.5,324,327,328,328.5,329,329.5
1685064054275009916,326,325.5,325,324.5,324,327,328,328.5,329,329.5
1685064060582550073,326,325.5,325,324.5,324,327,328,328.5,329,329.5
1685064060625096873,326.5,326,325.5,325,324.5,327,328,328.5,329,329.5
1685064060665717616,326.5,326,325.5,325,324.5,327,328,328.5,329,329.5
1685064065071056400,326.5,326,325.5,325,324.5,327,328,328.5,329,329.5
1685064067761209798,326.5,326,325.5,325,324.5,327,328,328.5,329,329.5
1685064067871749988,326.5,326,325.5,325,324.5,327,328,328.5,329,329.5
1685064069586863359,326.5,326,325.5,325,324.5,327,328,328.5,329,329.5
1685064069657877901,326.5,326,325.5,325,324.5,327,328,328.5,329,329.5
1685064069710858592,326.5,326,325.5,325,324.5,327,328,328.5,329,329.5
1685064075031736981,326.5,326,325.5,325,324.5,327,328,328.5,329,329.5
1685064077924544930,326.5,326,325.5,325,324.5,328,328.5,329,329.5,330
1685064077955231410,326.5,326,325.5,325,324.5,328,328.5,329,329.5,330
1685064077955231410,326.5,326,325.5,325,324.5,328,328.5,329,329.5,330
1685064077985962042,326.5,326,325.5,325,324.5,328,328.5,329,329.5,330
1685064082221805799,326.5,326,325.5,325,324.5,328,328.5,329,329.5,330
1685064084243717871,326.5,326,325.5,325,324.5,328,328.5,329,329.5,330
1685064086448969226,326.5,326,325.5,325,324.5,328,328.5,329,329.5,330
1685064088598788838,327,326.5,326,325.5,325,328,328.5,329,329.5,330
1685064088633554127,327,326.5,326,325.5,325,328,328.5,329,329.5,330
1685064091079193064,327,326.5,326,325.5,325,328,328.5,329,329.5,330
1685064091531431104,327,326.5,326,325.5,325,328,328.5,329,329.5,330
1685064095306755872,327,326.5,326,325.5,325,328,328.5,329,329.5,330
1685064095335974866,327,326.5,326,325.5,325,328,328.5,329,329.5,330
1685064095370586085,327,326.5,326,325.5,325,328,328.5,329,329.5,330
1685064098970965460,327,326.5,326,325.5,325,328,328.5,329,329.5,330
1685064117020390239,327,326.5,326,325.5,325,328,328.5,329,329.5,330
1685064117313057847,327,326.5,326,325.5,325,328,328.5,329,329.5,330
1685064119928397068,327,326.5,326,325.5,325,328,328.5,329,329.5,330
1685064124327854580,327,326.5,326,325.5,325,328,328.5,329,329.5,330
1685064135339798193,327,326.5,326,325.5,325,328,328.5,329,329.5,330
1685064135910122232,327,326.5,326,325.5,325,328.5,329,329.5,330,330.5
1685064135941913275,327,326.5,326,325.5,325,328.5,329,329.5,330,330.5
1685064135941913275,327.5,327,326.5,326,325.5,328.5,329,329.5,330,330.5
1685064135941913275,327.5,327,326.5,326,325.5,328.5,329,329.5,330,330.5
1685064135974699237,327.5,327,326.5,326,325.5,328.5,329,329.5,330,330.5
1685064135974806469,327.5,327,326.5,326,325.5,328.5,329,329.5,330,330.5
1685064135974806469,327.5,327,326.5,326,325.5,328.5,329,329.5,330,330.5
1685064135997103806,327.5,327,326.5,326,325.5,328.5,329,329.5,330,330.5
1685064144690993737,327.5,327,326.5,326,325.5,328.5,329,329.5,330,330.5
1685064154428709984,327.5,327,326.5,326,325.5,328.5,329,329.5,330,330.5
1685064155000184663,327.5,327,326.5,326,325.5,328.5,329,329.5,330,330.5
1685064155029795062,327.5,327,326.5,326,325.5,328.5,329,329.5,330,330.5
1685064155063975843,328,327.5,327,326.5,326,328.5,329,329.5,330,330.5
1685064155084869174,328,327.5,327,326.5,326,328.5,329,329.5,330,330.5
1685064157518788076,328,327.5,327,326.5,326,328.5,329,329.5,330,330.5
1685064161041341790,328,327.5,327,326.5,326,328.5,329,329.5,330,330.5
1685064162852133736,328,327.5,327,326.5,326,328.5,329,329.5,330,330.5
1685064165735657263,328,327.5,327,326.5,326,328.5,329,329.5,330,330.5
1685064166126636198,328,327.5,327,326.5,326,328.5,329,329.5,330,330.5
1685064167175202945,328,327.5,327,326.5,326,328.5,329,329.5,330,330.5
1685064170627222208,328,327.5,327,326.5,326,328.5,329,329.5,330,330.5
1685064171931661604,328,327.5,327,326.5,326,328.5,329,329.5,330,330.5
1685064190638583801,328,327.5,327,326.5,326,328.5,329,329.5,330,330.5
1685064191017096689,328,327.5,327,326.5,326,328.5,329,329.5,330,330.5
1685064192727351288,328,327.5,327,326.5,326,328.5,329,329.5,330,330.5
1685064192758449600,327.5,327,326.5,326,325.5,328.5,329,329.5,330,330.5
1685064192788785762,327.5,327,326.5,326,325.5,328.5,329,329.5,330,330.5
1685064192788785762,327.5,327,326.5,326,325.5,328.5,329,329.5,330,330.5
1685064192788785762,327.5,327,326.5,326,325.5,328.5,329,329.5,330,330.5
1685064192788800179,327.5,327,326.5,326,325.5,328.5,329,329.5,330,330.5
1685064193657196494,327.5,327,326.5,326,325.5,328,328.5,329,329.5,330
1685064193688426263,327.5,327,326.5,326,325.5,328,328.5,329,329.5,330
1685064193688426263,327.5,327,326.5,326,325.5,328,328.5,329,329.5,330
1685064193688426263,327.5,327,326.5,326,325.5,328,328.5,329,329.5,330
1685064196148631833,327.5,327,326.5,326,325.5,328,328.5,329,329.5,330
1685064196148631833,327.5,327,326.5,326,325.5,328,328.5,329,329.5,330
1685064196181567185,327.5,327,326.5,326,325.5,328,328.5,329,329.5,330
1685064196181567185,327.5,327,326.5,326,325.5,328,328.5,329,329.5,330
1685064196181567185,327.5,327,326.5,326,325.5,328,328.5,329,329.5,330
1685064196214271754,327.5,327,326.5,326,325.5,328,328.5,329,329.5,330
1685064196214407599,327.5,327,326.5,326,325.5,328,328.5,329,329.5,330
1685064196214407599,327.5,327,326.5,326,325.5,328,328.5,329,329.5,330
1685064196214407599,327.5,327,326.5,326,325.5,328,328.5,329,329.5,330
1685064196249611311,327.5,327,326.5,326,325.5,328,328.5,329,329.5,330
1685064196249611311,327.5,327,326.5,326,325.5,328,328.5,329,329.5,330
1685064196250793270,327.5,327,326.5,326,325.5,328,328.5,329,329.5,330
1685064196280897166,327.5,327,326.5,326,325.5,328,328.5,329,329.5,330
1685064197560653254,327.5,327,326.5,326,325.5,328,328.5,329,329.5,330
1685064197670539776,327.5,327,326.5,326,325.5,328,328.5,329,329.5,330
1685064197701067928,327.5,327,326.5,326,325.5,328,328.5,329,329.5,330
1685064197701151235,327.5,327,326.5,326,325.5,328,328.5,329,329.5,330
1685064199560597208,327.5,327,326.5,326,325.5,328,328.5,329,329.5,330
1685064209871461729,327.5,327,326.5,326,325.5,328,328.5,329,329.5,330
1685064213737012043,327.5,327,326.5,326,325.5,328,328.5,329,329.5,330
1685064218133099469,327.5,327,326.5,326,325.5,328,328.5,329,329.5,330
1685064221149001372,327.5,327,326.5,326,325.5,328,328.5,329,329.5,330
1685064224208604321,327.5,327,326.5,326,325.5,328,328.5,329,329.5,330
1685064230443701407,327.5,327,326.5,326,325.5,328,328.5,329,329.5,330
1685064240866178734,327.5,327,326.5,326,325.5,328,328.5,329,329.5,330
1685064242257802695,327.5,327,326.5,326,325.5,328.5,329,329.5,330,330.5
1685064242278339326,327.5,327,326.5,326,325.5,328.5,329,329.5,330,330.5
1685064242278339326,327.5,327,326.5,326,325.5,328.5,329,329.5,330,330.5
1685064242298781730,327.5,327,326.5,326,325.5,328.5,329,329.5,330,330.5
1685064246567834866,327.5,327,326.5,326,325.5,328.5,329,329.5,330,330.5
1685064252768255421,327.5,327,326.5,326,325.5,328.5,329,329.5,330,330.5
1685064269637724918,328,327.5,327,326.5,326,328.5,329,329.5,330,330.5
1685064269668524840,327.5,327,326.5,326,325.5,328.5,329,329.5,330,330.5
1685064269703308763,327.5,327,326.5,326,325.5,328.5,329,329.5,330,330.5
1685064276069589743,327.5,327,326.5,326,325.5,328.5,329,329.5,330,330.5
1685064276295727318,327.5,327,326.5,326,325.5,328.5,329,329.5,330,330.5
1685064281648437531,327.5,327,326.5,326,325.5,328.5,329,329.5,330,330.5
1685064281894670589,327.5,327,326.5,326,325.5,328.5,329,329.5,330,330.5
1685064292338097323,327.5,327,326.5,326,325.5,328,328.5,329,329.5,330
1685064292368741774,327.5,327,326.5,326,325.5,328,328.5,329,329.5,330
1685064292399501932,327.5,327,326.5,326,325.5,328,328.5,329,329.5,330
1685064300154345745,327.5,327,326.5,326,325.5,328,328.5,329,329.5,330
1685064300154345745,327.5,327,326.5,326,325.5,328,328.5,329,329.5,330
1685064300187141686,327.5,327,326.5,326,325.5,328,328.5,329,329.5,330
1685064300187252203,327.5,327,326.5,326,325.5,328,328.5,329,329.5,330
1685064300187252203,327.5,327,326.5,326,325.5,328,328.5,329,329.5,330
1685064300219882272,327.5,327,326.5,326,325.5,328,328.5,329,329.5,330
1685064300219882272,327.5,327,326.5,326,325.5,328,328.5,329,329.5,330
1685064300219992489,327.5,327,326.5,326,325.5,328,328.5,329,329.5,330
1685064300219992489,327.5,327,326.5,326,325.5,328,328.5,329,329.5,330
1685064300242575623,327.5,327,326.5,326,325.5,328,328.5,329,329.5,330
1685064300242575623,327.5,327,326.5,326,325.5,328,328.5,329,329.5,330
1685064300242575623,327.5,327,326.5,326,325.5,328,328.5,329,329.5,330
1685064300242575623,327.5,327,326.5,326,325.5,328,328.5,329,329.5,330
1685064300264910932,327.5,327,326.5,326,325.5,328,328.5,329,329.5,330
1685064300393519789,327.5,327,326.5,326,325.5,328,328.5,329,329.5,330
1685064307583009455,327.5,327,326.5,326,325.5,328,328.5,329,329.5,330
1685064307583009455,327.5,327,326.5,326,325.5,328,328.5,329,329.5,330
1685064315841389752,327.5,327,326.5,326,325.5,328,328.5,329,329.5,330
1685064320751235686,327.5,327,326.5,326,325.5,328,328.5,329,329.5,330
1685064325909665212,327,326.5,326,325.5,325,328,328.5,329,329.5,330
1685064325939925932,327,326.5,326,325.5,325,328,328.5,329,329.5,330
1685064325939925932,327,326.5,326,325.5,325,328,328.5,329,329.5,330
1685064325950110566,327,326.5,326,325.5,325,328,328.5,329,329.5,330
1685064325950110566,327,326.5,326,325.5,325,328,328.5,329,329.5,330
1685064327179014390,327,326.5,326,325.5,325,328,328.5,329,329.5,330
