Timestamp,BidPrice0,BidPrice1,BidPrice2,BidPrice3,BidPrice4,AskPrice0,AskPrice1,AskPrice2,AskPrice3,AskPrice4
1685399413887585147,0,0,0,0,0,0,0,0,0,0
1685406603853667506,0,0,0,0,0,352,0,0,0,0
1685406608857078663,0,0,0,0,0,304,328,330,352,0
1685406614073462015,310,288,0,0,0,328,329,330,331,352
1685406619299914905,314.5,310,288,0,0,323,328,329,330,331
1685406624520367677,317,315,314.5,310,300,323,325.5,326,328,329
1685406629730652495,317,315,314.5,310,300,323,325.5,326,328,329
1685406634756565594,318,317,316.5,315,314.5,323,325.5,326,326.5,327
1685406639751613623,318,317,316.5,315.5,315,323,325.5,326,326.5,327
1685406644793741318,318,317,316.5,315.5,315,323,324,325.5,326,326.5
1685406649805339955,318,317,316.5,315.5,315,323,324,325.5,326,326.5
1685406654814769728,318,317,316.5,315.5,315,323,324,325.5,326,326.5
1685406659824210772,318,317,316.5,315.5,315,323,324,325.5,326,326.5
1685406664841905625,318,317,316.5,315.5,315,323,324,325.5,326,326.5
1685406669857470347,318,317,316.5,315.5,315,323,324,325.5,326,326.5
1685406674885402812,318,317,316.5,315.5,315,320,321,323,324,325.5
1685406684910430585,318,317,316.5,315.5,315,320,321,323,324,325.5
1685406694947884289,318,317,316.5,315.5,315,320,321,323,324,325
1685406704979051014,318,317,316.5,315.5,315,320,321,323,324,325
1685406720019706864,318,317,316.5,315.5,315,320,321,322,323,324
1685406725037420003,318,317,316.5,315.5,315,320,321,322,323,324
1685406730046987726,318,317,316.5,315.5,315,320,321,322,323,324
1685406900595871905,318,317,316.5,315.5,315,320,321,322,323,324
1685406925668811853,318,317,316.5,315.5,315,320,321,322,323,324
1685406935710293011,318,317,316.5,315.5,315,320,321,322,323,324
1685406960773925479,318,317,316.5,315.5,315,320,321,322,323,324
1685407005916437862,318,317,316.5,315.5,315,320,321,322,323,324
1685407015955875513,318,317,316.5,316,315.5,320,321,322,323,324
1685407061100580084,318,317,316.5,316,315.5,320,321,322,322.5,323
1685407071135757193,318,317,316.5,316,315.5,320,321,322,322.5,323
1685407091206456059,318,317,316.5,316,315.5,320,321,322,322.5,323
1685407428056961258,318,317,316.5,316,315.5,320,321,322,322.5,323
1685407448115416207,318,317.5,317,316.5,316,320,321,322,322.5,323
1685407453132966096,318,317.5,317,316.5,316,320,321,322,322.5,323
1685407478213138897,318,317.5,317,316.5,316,320,321,322,322.5,323
1685407568504099630,318.5,318,317.5,317,316.5,320,321,322,322.5,323
1685407593561778542,319,318.5,318,317.5,317,320,321,322,322.5,323
1685407668818395119,319,318.5,318,317.5,317,320,321,322,322.5,323
1685407804234549121,319,318.5,318,317.5,317,321,322,322.5,323,324
1685407824882753962,319,318.5,318,317.5,317,321,322,322.5,323,324
1685407910367221279,319,318.5,318,317.5,317,321,322,322.5,323,324
1685407945488876899,319,318.5,318,317.5,317,321,322,322.5,323,324
1685407975588492736,320,319,318.5,318,317.5,321,322,322.5,323,324
1685408005690391059,320,319,318.5,318,317.5,321,322,322.5,323,324
1685408095975408482,320,319,318.5,318,317.5,322,322.5,323,324,325
1685408106014806095,320,319,318.5,318,317.5,322,322.5,323,324,324.5
1685408121047260479,320,319,318.5,318,317.5,322,322.5,323,324,324.5
1685408131088771460,320.5,320,319,318.5,318,322,322.5,323,324,324.5
1685408221363562140,320.5,320,319,318.5,318,322.5,323,324,324.5,325
1685408226379131723,320.5,320,319,318.5,318,322,322.5,323,324,324.5
1685408236396047612,320.5,320,319,318.5,318,322.5,323,324,324.5,325
1685408241436102962,320.5,320,319,318.5,318,322,322.5,323,324,324.5
1685408261482235817,320.5,320,319,318.5,318,322,322.5,323,324,324.5
1685408271521643890,320.5,320,319,318.5,318,322,322.5,323,324,324.5
1685408311654713259,320.5,320,319,318.5,318,322.5,323,324,324.5,325
1685408316666210766,320.5,320,319,318.5,318,322,322.5,323,324,324.5
1685408321683831120,320.5,320,319,318.5,318,322,322.5,323,324,324.5
1685408331710938104,320.5,320,319,318.5,318,322,322.5,323,324,324.5
1685408336726551119,320,319,318.5,318,317.5,321,322,322.5,323,324
1685408341746250677,320,319,318.5,318,317.5,321,322,322.5,323,324
1685408346755705839,319,318.5,318,317.5,317,321,322,322.5,323,324
1685408361806649891,319,318.5,318,317.5,317,321,322,322.5,323,324
1685408366818159470,319.5,319,318.5,318,317.5,321,322,322.5,323,324
1685408376849365672,320,319.5,319,318.5,318,321,322,322.5,323,324
1685408386882622915,320,319.5,319,318.5,318,321,322,322.5,323,324
1685408391892067768,320,319.5,319,318.5,318,320.5,321,322,322.5,323
1685408396917939886,320,319.5,319,318.5,318,321,322,322.5,323,324
1685408413784127614,320.5,320,319.5,319,318.5,321,322,322.5,323,324
1685408414453695788,320.5,320,319.5,319,318.5,321,322,322.5,323,324
1685408415478154748,320.5,320,319.5,319,318.5,321,322,322.5,323,324
1685408417818192152,320.5,320,319.5,319,318.5,321,322,322.5,323,324
1685408419037605913,320.5,320,319.5,319,318.5,321,322,322.5,323,324
1685408421082883680,320,319.5,319,318.5,318,321,322,322.5,323,324
1685408422370292988,320,319.5,319,318.5,318,321,322,322.5,323,324
1685408422512598960,320,319.5,319,318.5,318,321,322,322.5,323,324
1685408422512598960,320,319.5,319,318.5,318,321,322,322.5,323,324
1685408423182203181,320,319.5,319,318.5,318,320.5,321,322,322.5,323
1685408423419610547,320,319.5,319,318.5,318,320.5,321,322,322.5,323
1685408424243985725,320,319.5,319,318.5,318,320.5,321,322,322.5,323
1685408424298469671,320,319.5,319,318.5,318,320.5,321,322,322.5,323
1685408425287294431,320,319.5,319,318.5,318,320.5,321,322,322.5,323
1685408426535115584,320,319.5,319,318.5,318,320.5,321,322,322.5,323
1685408426535115584,320,319.5,319,318.5,318,320.5,321,322,322.5,323
1685408427072064295,320,319.5,319,318.5,318,320.5,321,322,322.5,323
1685408428267877411,320,319.5,319,318.5,318,320.5,321,322,322.5,323
1685408429567692044,320,319.5,319,318.5,318,320.5,321,322,322.5,323
1685408429578132178,320,319.5,319,318.5,318,320.5,321,322,322.5,323
1685408429934364654,320,319.5,319,318.5,318,320.5,321,322,322.5,323
1685408430575519475,320,319.5,319,318.5,318,320.5,321,322,322.5,323
1685408430575519475,320,319.5,319,318.5,318,320.5,321,322,322.5,323
1685408430575519475,320,319.5,319,318.5,318,320.5,321,322,322.5,323
1685408430575644721,320,319.5,319,318.5,318,320.5,321,322,322.5,323
1685408438989205732,320,319.5,319,318.5,318,320.5,321,322,322.5,323
1685408439030560575,320,319.5,319,318.5,318,320.5,321,322,322.5,323
1685408439069271603,319.5,319,318.5,318,317.5,320.5,321,322,322.5,323
1685408439148344410,319.5,319,318.5,318,317.5,320.5,321,322,322.5,323
1685408439662537112,319.5,319,318.5,318,317.5,320.5,321,322,322.5,323
1685408439869723982,319.5,319,318.5,318,317.5,320.5,321,322,322.5,323
1685408441152320493,319.5,319,318.5,318,317.5,320,320.5,321,322,322.5
1685408441188786256,319.5,319,318.5,318,317.5,320,320.5,321,322,322.5
1685408441188940876,319.5,319,318.5,318,317.5,320,320.5,321,322,322.5
1685408441519830015,319.5,319,318.5,318,317.5,320,320.5,321,322,322.5
1685408441533677046,319.5,319,318.5,318,317.5,320,320.5,321,322,322.5
1685408442454957245,319.5,319,318.5,318,317.5,320,320.5,321,322,322.5
1685408446634848425,319.5,319,318.5,318,317.5,320,320.5,321,322,322.5
1685408446671536756,319,318.5,318,317.5,317,320,320.5,321,322,322.5
1685408446699302342,319,318.5,318,317.5,317,320,320.5,321,322,322.5
1685408446720081890,319,318.5,318,317.5,317,320,320.5,321,322,322.5
1685408446734470448,319,318.5,318,317.5,317,320,320.5,321,321.5,322
1685408446734781863,319,318.5,318,317.5,317,319.5,320,321,321.5,322
1685408446752613405,319,318.5,318,317.5,317,319.5,320,321,321.5,322
1685408446775868722,319,318.5,318,317.5,317,319.5,320,321,321.5,322
1685408446820370354,319,318.5,318,317.5,317,320,321,321.5,322,322.5
1685408446850950004,319,318.5,318,317.5,317,320,321,321.5,322,322.5
1685408446885699795,319,318.5,318,317.5,317,320,321,321.5,322,322.5
1685408446963197865,319,318.5,318,317.5,317,320,321,321.5,322,322.5
1685408449717821346,319,318.5,318,317.5,317,320,321,321.5,322,322.5
1685408449717821346,319,318.5,318,317.5,317,320,321,321.5,322,322.5
1685408449717821346,319,318.5,318,317.5,317,320,321,321.5,322,322.5
1685408449717821346,319,318.5,318,317.5,317,320,321,321.5,322,322.5
1685408449760064166,319,318.5,318,317.5,317,320,321,321.5,322,322.5
1685408450409608611,319,318.5,318,317.5,317,319.5,320,321,321.5,322
1685408450442929198,319,318.5,318,317.5,317,319.5,320,321,321.5,322
1685408450472834241,319,318.5,318,317.5,317,319.5,320,321,321.5,322
1685408450612701574,319,318.5,318,317.5,317,319.5,320,321,321.5,322
1685408450612701574,319,318.5,318,317.5,317,319.5,320,321,321.5,322
1685408450633093895,319,318.5,318,317.5,317,320,321,321.5,322,322.5
1685408450656355694,319,318.5,318,317.5,317,320,321,321.5,322,322.5
1685408450686932399,319,318.5,318,317.5,317,320,321,321.5,322,322.5
1685408450738024565,319,318.5,318,317.5,317,320,321,321.5,322,322.5
1685408450738024565,319,318.5,318,317.5,317,320,321,321.5,322,322.5
1685408450844122378,319,318.5,318,317.5,317,321,321.5,322,322.5,323
1685408450873713131,319,318.5,318,317.5,317,321,321.5,322,322.5,323
1685408450873748648,319,318.5,318,317.5,317,321,321.5,322,322.5,323
1685408450894245656,319,318.5,318,317.5,317,319.5,321,321.5,322,322.5
1685408450904070223,319,318.5,318,317.5,317,319.5,321,321.5,322,322.5
1685408450924668131,319,318.5,318,317.5,317,319.5,321,321.5,322,322.5
1685408450937456714,319,318.5,318,317.5,317,319.5,321,321.5,322,322.5
1685408451838977471,319,318.5,318,317.5,317,319.5,321,321.5,322,322.5
1685408451863562485,319,318.5,318,317.5,317,319.5,321,321.5,322,322.5
1685408451894368440,319,318.5,318,317.5,317,319.5,321,321.5,322,322.5
1685408454683595797,319,318.5,318,317.5,317,319.5,321,321.5,322,322.5
1685408454706679402,319,318.5,318,317.5,317,319.5,321,321.5,322,322.5
1685408456931431562,319,318.5,318,317.5,317,319.5,320,321,321.5,322
1685408460088878444,319,318.5,318,317.5,317,319.5,320,321,321.5,322
1685408460247257005,319,318.5,318,317.5,317,319.5,320,321,321.5,322
1685408464574557208,319,318.5,318,317.5,317,319.5,320,321,321.5,322
1685408465388563447,318.5,318,317.5,317,316.5,319.5,320,321,321.5,322
1685408465410315992,318.5,318,317.5,317,316.5,319.5,320,321,322,322.5
1685408465410341350,318.5,318,317.5,317,316.5,319.5,320,321,322,322.5
1685408465432006852,318.5,318,317.5,317,316.5,319.5,320,321,322,322.5
1685408472881800414,318.5,318,317.5,317,316.5,319.5,320,321,322,322.5
1685408472912365187,318,317.5,317,316.5,316,319.5,320,321,322,322.5
1685408472946451932,318,317.5,317,316.5,316,319.5,320,321,322,322.5
1685408472946451932,317.5,317,316.5,316,315.5,319.5,320,321,322,322.5
1685408472971653263,317.5,317,316.5,316,315.5,319.5,320,321,322,322.5
1685408472979582713,317.5,317,316.5,316,315.5,319.5,320,320.5,321,322
1685408472979582713,317.5,317,316.5,316,315.5,319.5,320,321,322,322.5
1685408472989782305,317.5,317,316.5,316,315.5,319.5,320,321,322,322.5
1685408473000072076,317.5,317,316.5,316,315.5,319.5,320,320.5,321,322
1685408473056312480,317.5,317,316.5,316,315.5,319.5,320,320.5,321,322
1685408473971381617,317.5,317,316.5,316,315.5,319.5,320,320.5,321,322
1685408474024874111,317.5,317,316.5,316,315.5,319.5,320,320.5,321,322
1685408475011544044,317.5,317,316.5,316,315.5,319.5,320,320.5,321,322
1685408475011544044,317.5,317,316.5,316,315.5,319.5,320,320.5,321,322
1685408475091583195,317.5,317,316.5,316,315.5,319.5,320,320.5,321,322
1685408475101565520,318.5,317.5,317,316.5,316,319.5,320,320.5,321,322
1685408475136161802,318.5,317.5,317,316.5,316,319.5,320,320.5,321,322
1685408475136332402,317.5,317,316.5,316,315.5,319.5,320,320.5,321,322
1685408475169084011,317.5,317,316.5,316,315.5,319.5,320,320.5,321,322
1685408475169196732,317.5,317,316.5,316,315.5,319.5,320,320.5,321,322
1685408475203738502,317.5,317,316.5,316,315.5,319.5,320,320.5,321,322
1685408475828276281,317.5,317,316.5,316,315.5,319.5,320,320.5,321,322
1685408476805476513,317.5,317,316.5,316,315.5,319,319.5,320,320.5,321
1685408476838304265,317.5,317,316.5,316,315.5,319,319.5,320,320.5,321
1685408476838304265,317.5,317,316.5,316,315.5,319,319.5,320,320.5,321
1685408476871823545,317.5,317,316.5,316,315.5,319,319.5,320,320.5,321
1685408477630449995,317.5,317,316.5,316,315.5,319,319.5,320,320.5,321
1685408477888289116,317.5,317,316.5,316,315.5,319,319.5,320,320.5,321
1685408477897856691,317.5,317,316.5,316,315.5,319,319.5,320,320.5,321
1685408479196369399,317.5,317,316.5,316,315.5,319,319.5,320,320.5,321
1685408479312773394,317.5,317,316.5,316,315.5,319,319.5,320,320.5,321
1685408479355132352,317,316.5,316,315.5,315,319,319.5,320,320.5,321
1685408479387979370,317,316.5,316,315.5,315,319,319.5,320,320.5,321
1685408479387979370,317,316.5,316,315.5,315,318.5,319,319.5,320,320.5
1685408479421761493,317,316.5,316,315.5,315,318.5,319,319.5,320,320.5
1685408479421761493,317,316.5,316,315.5,315,318.5,319,319.5,320,320.5
1685408479421761493,317,316.5,316,315.5,315,319,319.5,320,320.5,321
1685408479455344062,317,316.5,316,315.5,315,319,319.5,320,320.5,321
1685408479455487411,317,316.5,316,315.5,315,319,319.5,320,320.5,321
1685408479489121937,317,316.5,316,315.5,315,319,319.5,320,320.5,321
1685408482159050044,317,316.5,316,315.5,315,319,319.5,320,321,322
1685408483002908938,317,316.5,316,315.5,315,318.5,319,319.5,320,321
1685408483038037930,317,316.5,316,315.5,315,318.5,319,319.5,320,321
1685408483038370605,317,316.5,316,315.5,315,318.5,319,319.5,320,321
1685408483074424444,317,316.5,316,315.5,315,318.5,319,319.5,320,321
1685408483145215009,317,316.5,316,315.5,315,318.5,319,319.5,320,321
1685408483846848613,317,316.5,316,315.5,315,318.5,319,319.5,320,321
1685408483894755259,317,316.5,316,315.5,315,318.5,319,319.5,320,321
1685408484622568441,317,316.5,316,315.5,315,318.5,319,319.5,320,321
1685408485525998944,317,316.5,316,315.5,315,318.5,319,319.5,320,321
1685408485536084812,317,316.5,316,315.5,315,318.5,319,319.5,320,321
1685408485571074333,317,316.5,316,315.5,315,318.5,319,319.5,320,321
1685408486316665126,317,316.5,316,315.5,315,318,318.5,319,319.5,320
1685408486354437652,317,316.5,316,315.5,315,318,318.5,319,319.5,320
1685408486389000452,317,316.5,316,315.5,315,318,318.5,319,319.5,320
1685408487059726360,317,316.5,316,315.5,315,318,318.5,319,319.5,320
1685408487102888095,317,316.5,316,315.5,315,318,318.5,319,319.5,320
1685408488415999005,317,316.5,316,315.5,315,318,318.5,319,319.5,320
1685408488416053377,317,316.5,316,315.5,315,318,318.5,319,319.5,320
1685408490193322918,317,316.5,316,315.5,315,318,318.5,319,319.5,320
1685408493175062670,317,316.5,316,315.5,315,318,318.5,319,319.5,320
1685408493175062670,317,316.5,316,315.5,315,318,318.5,319,319.5,320
1685408494154051881,317,316.5,316,315.5,315,318,318.5,319,319.5,320
1685408495375841074,317,316.5,316,315.5,315,318,318.5,319,319.5,320
1685408496234939313,317.5,317,316.5,316,315.5,318,318.5,319,319.5,320
1685408496266599983,317.5,317,316.5,316,315.5,318,318.5,319,319.5,320
1685408496302610781,317.5,317,316.5,316,315.5,318,318.5,319,319.5,320
1685408496860562640,317.5,317,316.5,316,315.5,318,318.5,319,319.5,320
1685408496995842879,317.5,317,316.5,316,315.5,318,318.5,319,319.5,320
1685408496995842879,317.5,317,316.5,316,315.5,318,318.5,319,319.5,320
1685408497244508174,317.5,317,316.5,316,315.5,318,318.5,319,319.5,320
1685408497244609985,317.5,317,316.5,316,315.5,318,318.5,319,319.5,320
1685408497244609985,317.5,317,316.5,316,315.5,318,318.5,319,319.5,320
1685408497277280992,317.5,317,316.5,316,315.5,318,318.5,319,319.5,320
1685408499802255386,317.5,317,316.5,316,315.5,318,318.5,319,319.5,320
1685408501087538803,317.5,317,316.5,316,315.5,318,318.5,319,319.5,320
1685408501098270574,317.5,317,316.5,316,315.5,318,318.5,319,319.5,320
1685408501110116127,317.5,317,316.5,316,315.5,318,318.5,319,319.5,320
1685408512616059157,317.5,317,316.5,316,315.5,318,318.5,319,319.5,320
1685408516015756058,317.5,317,316.5,316,315.5,318,318.5,319,319.5,320
1685408516789805418,317.5,317,316.5,316,315.5,318,318.5,319,319.5,320
1685408517828182654,317.5,317,316.5,316,315.5,318,318.5,319,319.5,320
1685408519682618011,317.5,317,316.5,316,315.5,318,318.5,319,319.5,320
1685408519736824485,317.5,317,316.5,316,315.5,318,318.5,319,319.5,320
1685408520401408320,317,316.5,316,315.5,315,318,318.5,319,319.5,320
1685408520432633552,317,316.5,316,315.5,315,318,318.5,319,319.5,321
1685408520433156314,317,316.5,316,315.5,315,318,318.5,319,319.5,321
1685408520469450905,317,316.5,316,315.5,315,318,318.5,319,319.5,321
1685408520469450905,317,316.5,316,315.5,315,318,318.5,319,319.5,321
1685408522017533567,317,316.5,316,315.5,315,318,318.5,319,319.5,321
1685408522841994336,317.5,317,316.5,316,315.5,318,318.5,319,319.5,321
1685408522872669295,317.5,317,316.5,316,315.5,318,318.5,319,319.5,321
1685408522872669295,317,316.5,316,315.5,315,318,318.5,319,319.5,321
1685408522872781586,317,316.5,316,315.5,315,318,318.5,319,319.5,321
1685408522903229649,317,316.5,316,315.5,315,318,318.5,319,319.5,320
1685408522903229649,317,316.5,316,315.5,315,318,318.5,319,319.5,321
1685408522935529158,317,316.5,316,315.5,315,318,318.5,319,319.5,321
1685408523473045936,317,316.5,316,315.5,315,318,318.5,319,319.5,321
1685408526400766306,317,316.5,316,315.5,315,318,318.5,319,319.5,321
1685408527504088520,317,316.5,316,315.5,315,318,318.5,319,319.5,321
1685408529437097256,317,316.5,316,315.5,315,318,318.5,319,319.5,321
1685408530322607449,317,316.5,316,315.5,315,318,318.5,319,319.5,321
1685408533609763560,317,316.5,316,315.5,315,317.5,318,318.5,319,319.5
1685408533636396809,317,316.5,316,315.5,315,317.5,318,318.5,319,319.5
1685408533657522367,317,316.5,316,315.5,315,317.5,318,318.5,319,319.5
1685408533922949226,317,316.5,316,315.5,315,317.5,318,318.5,319,319.5
1685408533934282166,317,316.5,316,315.5,315,317.5,318,318.5,319,319.5
1685408533944232139,317,316.5,316,315.5,315,317.5,318,318.5,319,319.5
1685408535960287774,317,316.5,316,315.5,315,317.5,318,318.5,319,319.5
1685408540985604069,317,316.5,316,315.5,315,317.5,318,318.5,319,319.5
1685408541014075751,317,316.5,316,315.5,315,318,318.5,319,319.5,321
1685408541014169687,317.5,317,316.5,316,315.5,318,318.5,319,319.5,321
1685408541039543993,317.5,317,316.5,316,315.5,318,318.5,319,319.5,321
1685408541073428809,317.5,317,316.5,316,315.5,318,318.5,319,319.5,321
1685408541073428809,317.5,317,316.5,316,315.5,318,318.5,319,319.5,320
1685408541627226248,317.5,317,316.5,316,315.5,318,318.5,319,319.5,320
1685408541627226248,317.5,317,316.5,316,315.5,318,318.5,319,319.5,320
1685408541627226248,317.5,317,316.5,316,315.5,318,318.5,319,319.5,320
1685408541627332808,317.5,317,316.5,316,315.5,318,318.5,319,319.5,320
1685408542393329268,317.5,317,316.5,316,315.5,318,318.5,319,319.5,320
1685408542393329268,317.5,317,316.5,316,315.5,318,318.5,319,319.5,320
1685408542424077805,317.5,317,316.5,316,315.5,318.5,319,319.5,320,321
1685408542454672613,317.5,317,316.5,316,315.5,318.5,319,319.5,320,321
1685408542454672613,317.5,317,316.5,316,315.5,318.5,319,319.5,320,321
1685408542454672613,317.5,317,316.5,316,315.5,319,319.5,320,321,321.5
1685408542485604705,317.5,317,316.5,316,315.5,319,319.5,320,321,321.5
1685408542485604705,317.5,317,316.5,316,315.5,319.5,320,321,321.5,322
1685408542485604705,317.5,317,316.5,316,315.5,319.5,320,321,321.5,322
1685408542520439986,317.5,317,316.5,316,315.5,319.5,320,321,321.5,322
1685408542520439986,317.5,317,316.5,316,315.5,320,321,321.5,322,322.5
1685408542520520207,317.5,317,316.5,316,315.5,320,321,321.5,322,322.5
1685408542520520207,317.5,317,316.5,316,315.5,320,321,321.5,322,322.5
1685408542543053979,317.5,317,316.5,316,315.5,320,321,321.5,322,322.5
1685408542554551839,317.5,317,316.5,316,315.5,320,321,321.5,322,322.5
1685408542564158668,317.5,317,316.5,316,315.5,320,321,321.5,322,322.5
1685408542576508067,317.5,317,316.5,316,315.5,320,321,321.5,322,322.5
1685408543013709730,317.5,317,316.5,316,315.5,319.5,320,321,321.5,322
1685408543054932445,317.5,317,316.5,316,315.5,319.5,320,321,321.5,322
1685408543054932445,317.5,317,316.5,316,315.5,319.5,320,321,321.5,322
1685408543097907030,317.5,317,316.5,316,315.5,319.5,320,321,321.5,322
1685408543120494272,317.5,317,316.5,316,315.5,319.5,320,321,321.5,322
1685408543395821461,317.5,317,316.5,316,315.5,319.5,320,321,321.5,322
1685408543395821461,317.5,317,316.5,316,315.5,319.5,320,321,321.5,322
1685408543628901691,317.5,317,316.5,316,315.5,319.5,320,321,321.5,322
1685408543628901691,317.5,317,316.5,316,315.5,319.5,320,321,321.5,322
1685408543628901691,317.5,317,316.5,316,315.5,319.5,320,321,321.5,322
1685408543628901691,317.5,317,316.5,316,315.5,319.5,320,321,321.5,322
1685408543628978645,317.5,317,316.5,316,315.5,319.5,320,321,321.5,322
1685408543628978645,317.5,317,316.5,316,315.5,319.5,320,321,321.5,322
1685408544637800774,317.5,317,316.5,316,315.5,319.5,320,321,321.5,322
1685408544650060114,317.5,317,316.5,316,315.5,319.5,320,321,321.5,322
1685408545427796228,317.5,317,316.5,316,315.5,319.5,320,321,321.5,322
1685408546178527042,317.5,317,316.5,316,315.5,319.5,320,321,321.5,322
1685408546415373304,317.5,317,316.5,316,315.5,319.5,320,321,321.5,322
1685408548007994076,317.5,317,316.5,316,315.5,319.5,320,321,321.5,322
1685408548042835468,317.5,317,316.5,316,315.5,319.5,320,321,321.5,322
1685408552025083820,317.5,317,316.5,316,315.5,319.5,320,321,321.5,322
1685408552194517379,318,317.5,317,316.5,316,319.5,320,321,321.5,322
1685408552231083831,318,317.5,317,316.5,316,319.5,321,321.5,322,322.5
1685408552250196419,318,317.5,317,316.5,316,319.5,321,321.5,322,322.5
1685408552400780384,318,317.5,317,316.5,316,319.5,321,321.5,322,322.5
1685408552537339544,318,317.5,317,316.5,316,319.5,321,321.5,322,322.5
1685408553420371775,318,317.5,317,316.5,316,319.5,321,321.5,322,322.5
1685408553686128081,318,317.5,317,316.5,316,319.5,321,321.5,322,322.5
1685408553686128081,318,317.5,317,316.5,316,319.5,321,321.5,322,322.5
1685408555688351283,318,317.5,317,316.5,316,319.5,321,321.5,322,322.5
1685408555721328615,318,317.5,317,316.5,316,319.5,321,321.5,322,322.5
1685408555755920580,318,317.5,317,316.5,316,319.5,321,321.5,322,322.5
1685408556368524851,318,317.5,317,316.5,316,319.5,321,321.5,322,322.5
1685408557429559841,318,317.5,317,316.5,316,319.5,321,321.5,322,322.5
1685408558267475235,318,317.5,317,316.5,316,319.5,321,321.5,322,322.5
1685408562144293408,318,317.5,317,316.5,316,319.5,321,321.5,322,322.5
1685408562420164708,318,317.5,317,316.5,316,319.5,321,321.5,322,322.5
1685408566908871488,318,317.5,317,316.5,316,319.5,321,321.5,322,322.5
1685408566929708434,318,317.5,317,316.5,316,319.5,321,321.5,322,322.5
1685408569230722773,318,317.5,317,316.5,316,319.5,321,321.5,322,322.5
1685408570982866805,318,317.5,317,316.5,316,319.5,321,321.5,322,322.5
1685408573761692792,318,317.5,317,316.5,316,319.5,321,321.5,322,322.5
1685408574336172766,318.5,318,317.5,317,316.5,319.5,321,321.5,322,322.5
1685408574367871147,318.5,318,317.5,317,316.5,319.5,321,321.5,322,322.5
1685408574398883930,318.5,318,317.5,317,316.5,319.5,321,321.5,322,322.5
1685408577021261941,318.5,318,317.5,317,316.5,319.5,321,321.5,322,322.5
1685408582231508384,318.5,318,317.5,317,316.5,319.5,321,321.5,322,322.5
1685408582266414568,318,317.5,317,316.5,316,319.5,321,321.5,322,322.5
1685408582299737138,318,317.5,317,316.5,316,319.5,321,321.5,322,322.5
1685408582332892545,318,317.5,317,316.5,316,319.5,321,321.5,322,322.5
1685408582401381308,318,317.5,317,316.5,316,319.5,321,321.5,322,322.5
1685408584569385821,318,317.5,317,316.5,316,319.5,321,321.5,322,322.5
1685408584569385821,318,317.5,317,316.5,316,319.5,321,321.5,322,322.5
1685408585014596434,318,317.5,317,316.5,316,319.5,321,321.5,322,322.5
1685408585017068175,318,317.5,317,316.5,316,319.5,321,321.5,322,322.5
1685408585017068175,318,317.5,317,316.5,316,319.5,321,321.5,322,322.5
1685408585418962551,318,317.5,317,316.5,316,319.5,321,321.5,322,322.5
1685408585440565706,318,317.5,317,316.5,316,319.5,321,321.5,322,322.5
1685408585475794386,318,317.5,317,316.5,316,319.5,321,321.5,322,322.5
1685408591487960682,318,317.5,317,316.5,316,319.5,321,321.5,322,322.5
1685408593386989042,318,317.5,317,316.5,316,319.5,321,321.5,322,322.5
1685408593825281634,318,317.5,317,316.5,316,319.5,321,321.5,322,322.5
1685408593825281634,318,317.5,317,316.5,316,319.5,321,321.5,322,322.5
1685408594095730102,318,317.5,317,316.5,316,319.5,321,321.5,322,322.5
1685408594095730102,318,317.5,317,316.5,316,319.5,321,321.5,322,322.5
1685408594241218719,318,317.5,317,316.5,316,319.5,320,321,321.5,322
1685408594486464022,318,317.5,317,316.5,316,319.5,320,321,321.5,322
1685408597751335348,318,317.5,317,316.5,316,319.5,320,321,321.5,322
1685408601120943841,318,317.5,317,316.5,316,320,321,321.5,322,322.5
1685408601153377352,318,317.5,317,316.5,316,320,321,321.5,322,322.5
1685408601153377352,318,317.5,317,316.5,316,320,321,321.5,322,322.5
1685408601185953631,318,317.5,317,316.5,316,320,321,321.5,322,322.5
1685408602167192877,318,317.5,317,316.5,316,320,321,321.5,322,322.5
1685408602167192877,318,317.5,317,316.5,316,320,321,321.5,322,322.5
1685408602167192877,318,317.5,317,316.5,316,320,321,321.5,322,322.5
1685408602927125671,0,0,0,0,0,0,0,0,0,0
1685408602927125671,318,317.5,317,316.5,316,321,321.5,322,322.5,323
1685408602958288887,318,317.5,317,316.5,316,321,321.5,322,322.5,323
1685408602958367194,318,317.5,317,316.5,316,321,321.5,322,322.5,323
1685408602958367194,318,317.5,317,316.5,316,321,321.5,322,322.5,323
1685408602993486508,318,317.5,317,316.5,316,321,321.5,322,322.5,323
1685408602993486508,318,317.5,317,316.5,316,321,321.5,322,322.5,323
1685408603175022693,318,317.5,317,316.5,316,321,321.5,322,322.5,323
1685408603209352805,318.5,318,317.5,317,316.5,321,321.5,322,322.5,323
1685408603222018458,318.5,318,317.5,317,316.5,319.5,321,321.5,322,322.5
1685408603236144403,318.5,318,317.5,317,316.5,319.5,321,321.5,322,322.5
1685408603253464615,318.5,318,317.5,317,316.5,319.5,321,321.5,322,322.5
1685408603261589462,318.5,318,317.5,317,316.5,319.5,321,321.5,322,322.5
1685408603261589462,318.5,318,317.5,317,316.5,319.5,321,321.5,322,322.5
1685408603261725998,318.5,318,317.5,317,316.5,319.5,321,321.5,322,322.5
1685408603261725998,318,317.5,317,316.5,316,319.5,321,321.5,322,322.5
1685408603271761111,318,317.5,317,316.5,316,319.5,321,321.5,322,322.5
1685408603295350405,318,317.5,317,316.5,316,319.5,321,321.5,322,322.5
1685408603306707671,318,317.5,317,316.5,316,319.5,321,321.5,322,322.5
1685408603680353515,318,317.5,317,316.5,316,319.5,321,321.5,322,322.5
1685408603932220902,318,317.5,317,316.5,316,319.5,321,321.5,322,322.5
1685408603932236020,318,317.5,317,316.5,316,319.5,321,321.5,322,322.5
1685408604195325379,318,317.5,317,316.5,316,319.5,321,321.5,322,322.5
1685408604195435286,318,317.5,317,316.5,316,319.5,321,321.5,322,322.5
1685408604415681277,318,317.5,317,316.5,316,319.5,321,321.5,322,322.5
1685408604486068455,318,317.5,317,316.5,316,319.5,321,321.5,322,322.5
1685408605544677981,318,317.5,317,316.5,316,319.5,321,321.5,322,322.5
1685408605604665230,318,317.5,317,316.5,316,319.5,321,321.5,322,322.5
1685408610489916431,318,317.5,317,316.5,316,321,321.5,322,322.5,323
1685408610513168161,318,317.5,317,316.5,316,321,321.5,322,322.5,323
1685408610534915287,318,317.5,317,316.5,316,321,321.5,322,322.5,323
1685408611056458761,319.5,318,317.5,317,316.5,321,321.5,322,322.5,323
1685408611066566941,319.5,318,317.5,317,316.5,321,321.5,322,322.5,323
1685408611066566941,319.5,318,317.5,317,316.5,321,321.5,322,322.5,323
1685408611078895000,319.5,318,317.5,317,316.5,321,321.5,322,322.5,323
1685408611328552478,319.5,318,317.5,317,316.5,321,321.5,322,322.5,323
1685408611616333341,319.5,318,317.5,317,316.5,321,321.5,322,322.5,323
1685408612275699628,319.5,318,317.5,317,316.5,321,321.5,322,322.5,323
1685408612275699628,319.5,318,317.5,317,316.5,321,321.5,322,322.5,323
1685408612318895358,319.5,318,317.5,317,316.5,321,321.5,322,322.5,323
1685408614019684690,319.5,318,317.5,317,316.5,321,321.5,322,322.5,323
1685408614019792703,319.5,318,317.5,317,316.5,321,321.5,322,322.5,323
1685408614302109015,319.5,318,317.5,317,316.5,321,321.5,322,322.5,323
1685408615815211523,319.5,318,317.5,317,316.5,321,321.5,322,322.5,323
1685408617019981488,319.5,318,317.5,317,316.5,320.5,321,321.5,322,322.5
1685408617052896794,319.5,318,317.5,317,316.5,320.5,321,321.5,322,322.5
1685408617077522224,319.5,318,317.5,317,316.5,320.5,321,321.5,322,322.5
1685408617386507452,319.5,318,317.5,317,316.5,320.5,321,321.5,322,322.5
1685408617386619322,319.5,318,317.5,317,316.5,320.5,321,321.5,322,322.5
1685408619332756490,319.5,318,317.5,317,316.5,320.5,321,321.5,322,322.5
1685408619385571342,319.5,318,317.5,317,316.5,320.5,321,321.5,322,322.5
1685408619618256991,319.5,318,317.5,317,316.5,320.5,321,321.5,322,322.5
1685408622006417216,319.5,318,317.5,317,316.5,320.5,321,321.5,322,322.5
1685408624098915268,319.5,318,317.5,317,316.5,320.5,321,321.5,322,322.5
1685408624373520401,319.5,318,317.5,317,316.5,320.5,321,321.5,322,322.5
1685408624933718308,319.5,319,318,317.5,317,320.5,321,321.5,322,322.5
1685408625136796252,319.5,319,318,317.5,317,320.5,321,321.5,322,322.5
1685408625233970398,319.5,319,318,317.5,317,320.5,321,321.5,322,322.5
1685408625406903959,319.5,319,318,317.5,317,320.5,321,321.5,322,322.5
1685408626632460346,319.5,319,318,317.5,317,320,320.5,321,321.5,322
1685408626667227619,319.5,319,318,317.5,317,320,320.5,321,321.5,322
1685408626700432999,319.5,319,318,317.5,317,320,320.5,321,321.5,322
1685408627554454395,319.5,319,318,317.5,317,320,320.5,321,321.5,322
1685408627586959421,319.5,319,318,317.5,317,320.5,321,321.5,322,322.5
1685408627620159622,319.5,319,318,317.5,317,320.5,321,321.5,322,322.5
1685408627643445897,319.5,319,318,317.5,317,320.5,321,321.5,322,322.5
1685408627855686376,319.5,319,318,317.5,317,320.5,321,321.5,322,322.5
1685408628562332392,319.5,319,318,317.5,317,320.5,321,321.5,322,322.5
1685408629305067513,319.5,319,318,317.5,317,320.5,321,321.5,322,322.5
1685408630395646018,319.5,319,318,317.5,317,320.5,321,321.5,322,322.5
1685408630426691092,319.5,319,318,317.5,317,320.5,321,321.5,322,322.5
1685408630426691092,319.5,319,318,317.5,317,320.5,321,321.5,322,322.5
1685408630426782824,319.5,319,318,317.5,317,320.5,321,321.5,322,322.5
1685408631328516400,319.5,319,318,317.5,317,320.5,321,321.5,322,322.5
1685408631433938735,319.5,319,318,317.5,317,320.5,321,321.5,322,322.5
1685408631551198225,319.5,319,318,317.5,317,320.5,321,321.5,322,322.5
1685408632349362397,320,319.5,319,318,317.5,320.5,321,321.5,322,322.5
1685408632371213898,320,319.5,319,318,317.5,320.5,321,321.5,322,322.5
1685408632371250928,320,319.5,319,318,317.5,320.5,321,321.5,322,322.5
1685408632392802536,320,319.5,319,318,317.5,320.5,321,321.5,322,322.5
1685408632480561473,320,319.5,319,318.5,318,320.5,321,321.5,322,322.5
1685408632503242261,320,319.5,319,318.5,318,320.5,321,321.5,322,322.5
1685408634224443842,320,319.5,319,318.5,318,320.5,321,321.5,322,322.5
1685408634450930150,320,319.5,319,318.5,318,320.5,321,321.5,322,322.5
1685408635471767410,320,319.5,319,318.5,318,320.5,321,321.5,322,322.5
1685408635668479862,320,319.5,319,318.5,318,320.5,321,321.5,322,322.5
1685408637278817030,320,319.5,319,318.5,318,320.5,321,321.5,322,322.5
1685408638243946306,320,319.5,319,318.5,318,320.5,321,321.5,322,322.5
1685408638443421435,320,319.5,319,318.5,318,320.5,321,321.5,322,322.5
1685408639255720668,320,319.5,319,318.5,318,320.5,321,321.5,322,322.5
1685408639289309098,320,319.5,319,318.5,318,321,321.5,322,322.5,323
1685408639320809377,320,319.5,319,318.5,318,321,321.5,322,322.5,323
1685408639321017508,320,319.5,319,318.5,318,321,321.5,322,322.5,323
1685408639353814852,320,319.5,319,318.5,318,321,321.5,322,322.5,323
1685408639397744079,320,319.5,319,318.5,318,321,321.5,322,322.5,323
1685408639616045689,320,319.5,319,318.5,318,321,321.5,322,322.5,323
1685408640341163480,320,319.5,318.5,318,317.5,321,321.5,322,322.5,323
1685408640741370508,320.5,320,319.5,318.5,318,321,321.5,322,322.5,323
1685408640774149768,320.5,320,319.5,318.5,318,321,321.5,322,322.5,323
1685408640774149768,320.5,320,319.5,318.5,318,321,321.5,322,322.5,323
1685408640810724376,320.5,320,319.5,318.5,318,321,321.5,322,322.5,323
1685408640810724376,320.5,320,319.5,318.5,318,321,321.5,322,322.5,323
1685408640819018349,320.5,320,319.5,318.5,318,321,321.5,322,322.5,323
1685408641973017651,320.5,320,319.5,318.5,318,321,321.5,322,322.5,323
1685408644104198850,320.5,320,319.5,318.5,318,321,321.5,322,322.5,323
1685408644304877108,320.5,320,319.5,318.5,318,321,321.5,322,322.5,323
1685408644548602237,320.5,320,319.5,318.5,318,321,321.5,322,322.5,323
1685408644556746309,320.5,320,319.5,318.5,318,321,321.5,322,322.5,323
1685408644556746309,320.5,320,319.5,318.5,318,321,321.5,322,322.5,323
1685408645312876432,320.5,320,319.5,318.5,318,321,321.5,322,322.5,323
1685408645563388234,320.5,320,319.5,318.5,318,321,321.5,322,322.5,323
1685408645563388234,320.5,320,319.5,318.5,318,321.5,322,322.5,323,323.5
1685408645596033313,320.5,320,319.5,318.5,318,321.5,322,322.5,323,323.5
1685408645626113365,320.5,320,319.5,319,318.5,321.5,322,322.5,323,323.5
1685408646188293634,320,319.5,319,318.5,318,321.5,322,322.5,323,323.5
1685408646220919186,320,319.5,319,318.5,318,321.5,322,322.5,323,323.5
1685408646231040771,320,319.5,319,318.5,318,321.5,322,322.5,323,323.5
1685408646263682944,320,319.5,319,318.5,318,321.5,322,322.5,323,323.5
1685408646263682944,320,319.5,319,318.5,318,321.5,322,322.5,323,323.5
1685408646523352632,320,319.5,319,318.5,318,321.5,322,322.5,323,323.5
1685408647570380992,320,319.5,319,318.5,318,321.5,322,322.5,323,323.5
1685408647570380992,320,319.5,319,318.5,318,321.5,322,322.5,323,323.5
1685408647589946079,320,319.5,319,318.5,318,321.5,322,322.5,323,323.5
1685408648437853295,320.5,320,319.5,319,318.5,321.5,322,322.5,323,323.5
1685408648471091647,320.5,320,319.5,319,318.5,321.5,322,322.5,323,323.5
1685408648505443811,320.5,320,319.5,319,318.5,321.5,322,322.5,323,323.5
1685408648505443811,320.5,320,319.5,319,318.5,321.5,322,322.5,323,323.5
1685408648587183916,320.5,320,319.5,319,318.5,321.5,322,322.5,323,323.5
1685408648887323616,320.5,320,319.5,319,318.5,321.5,322,322.5,323,323.5
1685408649466872649,320.5,320,319.5,319,318.5,321,321.5,322,322.5,323
1685408649488348334,320.5,320,319.5,318.5,318,321,321.5,322,322.5,323
1685408649519751721,320.5,320,319.5,318.5,318,321,321.5,322,322.5,323
1685408650787817488,320.5,320,319.5,318.5,318,321,321.5,322,322.5,323
1685408651055124216,320.5,320,319.5,318.5,318,321,321.5,322,322.5,323
1685408653149315528,320.5,320,319.5,318.5,318,321,321.5,322,322.5,323
1685408653738235938,320.5,320,319.5,318.5,318,321,321.5,322,322.5,323
1685408654419992989,320.5,320,319.5,318.5,318,321,321.5,322,322.5,323
1685408654599418020,320.5,320,319.5,318.5,318,321,321.5,322,322.5,323
1685408655240198198,320.5,320,319.5,318.5,318,321,321.5,322,322.5,323
1685408656446376507,320.5,320,319.5,318.5,318,321,321.5,322,322.5,323
1685408658074010203,320.5,320,319.5,318.5,318,321,321.5,322,322.5,323
1685408658622597278,320.5,320,319.5,318.5,318,321,321.5,322,322.5,323
1685408658645125300,320.5,320,319.5,318.5,318,321,321.5,322,322.5,323
1685408658645205150,320.5,320,319.5,318.5,318,321,321.5,322,322.5,323
1685408660151071971,320.5,320,319.5,318.5,318,321,321.5,322,322.5,323
1685408660646513453,320.5,320,319.5,318.5,318,321,321.5,322,322.5,323
1685408661057428127,320.5,320,319.5,318.5,318,321,321.5,322,322.5,323
1685408662670900132,320.5,320,319.5,318.5,318,321,321.5,322,322.5,323
1685408662670900132,320.5,320,319.5,318.5,318,321,321.5,322,322.5,323
1685408663309695823,320.5,320,319.5,318.5,318,321,321.5,322,322.5,323
1685408663934552041,320.5,320,319.5,318.5,318,321,321.5,322,322.5,323
1685408664675813495,320.5,320,319.5,318.5,318,321,321.5,322,322.5,323
1685408664675813495,320.5,320,319.5,318.5,318,321,321.5,322,322.5,323
1685408664675813495,320.5,320,319.5,318.5,318,321,321.5,322,322.5,323
1685408665688178897,320.5,320,319.5,318.5,318,321,321.5,322,322.5,323
1685408667619655296,320.5,320,319.5,318.5,318,321.5,322,322.5,323,323.5
1685408667652238087,320.5,320,319.5,318.5,318,321.5,322,322.5,323,323.5
1685408667674916461,320.5,320,319.5,319,318.5,321.5,322,322.5,323,323.5
1685408669186511518,320.5,320,319.5,319,318.5,321,321.5,322,322.5,323
1685408669218939078,320.5,320,319.5,318.5,318,321,321.5,322,322.5,323
1685408669244331428,320.5,320,319.5,318.5,318,321,321.5,322,322.5,323
1685408671566673434,320.5,320,319.5,318.5,318,321.5,322,322.5,323,323.5
1685408671600853996,320.5,320,319.5,318.5,318,321.5,322,322.5,323,323.5
1685408671622560114,320.5,320,319.5,319,318.5,321.5,322,322.5,323,323.5
1685408674352283871,321,320.5,320,319.5,319,321.5,322,322.5,323,323.5
1685408674375078533,321,320.5,320,319.5,319,321.5,322,322.5,323,323.5
1685408674387817182,320.5,320,319.5,319,318.5,321.5,322,322.5,323,323.5
1685408674397991567,320.5,320,319.5,319,318.5,321.5,322,322.5,323,323.5
1685408674407617342,320.5,320,319.5,319,318.5,321.5,322,322.5,323,323.5
1685408674418546684,320.5,320,319.5,319,318.5,321.5,322,322.5,323,323.5
1685408677154455374,320.5,320,319.5,319,318.5,321.5,322,322.5,323,323.5
1685408678770215915,320.5,320,319.5,319,318.5,321.5,322,322.5,323,323.5
1685408678974729124,320.5,320,319.5,319,318.5,321.5,322,322.5,323,323.5
1685408679679254185,320.5,320,319.5,319,318.5,321.5,322,322.5,323,323.5
1685408680473176285,320.5,320,319.5,319,318.5,321.5,322,322.5,323,323.5
1685408680937835246,320.5,320,319.5,319,318.5,321.5,322,322.5,323,323.5
1685408685828456535,320.5,320,319.5,319,318.5,321.5,322,322.5,323,323.5
1685408686171548900,321,320.5,320,319.5,319,321.5,322,322.5,323,323.5
1685408686171677061,320.5,320,319.5,319,318.5,321.5,322,322.5,323,323.5
1685408686194003712,320.5,320,319.5,319,318.5,321.5,322,322.5,323,323.5
1685408686226849844,320.5,320,319.5,319,318.5,321.5,322,322.5,323,323.5
1685408688122447549,320.5,320,319.5,319,318.5,321.5,322,322.5,323,323.5
1685408696235656651,320.5,320,319.5,319,318.5,321.5,322,322.5,323,323.5
1685408696892757645,321,320.5,320,319.5,319,321.5,322,322.5,323,323.5
1685408696925656917,321,320.5,320,319.5,319,321.5,322,322.5,323,323.5
1685408696925656917,320.5,320,319.5,319,318.5,321.5,322,322.5,323,323.5
1685408696959430461,320.5,320,319.5,319,318.5,321.5,322,322.5,323,323.5
1685408696959430461,320.5,320,319.5,319,318.5,321.5,322,322.5,323,323.5
1685408696983842587,320.5,320,319.5,319,318.5,321.5,322,322.5,323,323.5
1685408699362941302,320.5,320,319.5,319,318.5,321.5,322,322.5,323,323.5
1685408699986474077,321,320.5,320,319.5,319,321.5,322,322.5,323,323.5
1685408700023707687,321,320.5,320,319.5,319,321.5,322,322.5,323,323.5
1685408700023707687,320.5,320,319.5,319,318.5,321.5,322,322.5,323,323.5
1685408700056657985,320.5,320,319.5,319,318.5,321.5,322,322.5,323,323.5
1685408700056736903,320.5,320,319.5,319,318.5,321.5,322,322.5,323,323.5
1685408700093001775,320.5,320,319.5,319,318.5,321.5,322,322.5,323,323.5
1685408700259265975,320.5,320,319.5,319,318.5,321.5,322,322.5,323,323.5
1685408700770446797,320.5,320,319.5,319,318.5,321,321.5,322,322.5,323
1685408700803791145,320.5,320,319.5,319,318.5,321,321.5,322,322.5,323
1685408705172779709,320.5,320,319.5,319,318.5,321,321.5,322,322.5,323
1685408706887186478,320.5,320,319.5,319,318.5,321,321.5,322,322.5,323
1685408712419646867,320.5,320,319.5,319,318.5,321,321.5,322,322.5,323
1685408712655472237,320.5,320,319.5,319,318.5,321,321.5,322,322.5,323
1685408712803198450,320.5,320,319.5,319,318.5,321,321.5,322,322.5,323
1685408717093882550,320.5,320,319.5,319,318.5,321,321.5,322,322.5,323
1685408718217833389,320.5,320,319.5,319,318.5,321,321.5,322,322.5,323
1685408718879338552,320.5,320,319.5,319,318.5,321.5,322,322.5,323,323.5
1685408719233708674,320.5,320,319.5,319,318.5,321.5,322,322.5,323,323.5
1685408721210034256,320.5,320,319.5,319,318.5,321.5,322,322.5,323,323.5
1685408721210034256,320.5,320,319.5,319,318.5,321.5,322,322.5,323,323.5
1685408728704206811,320.5,320,319.5,319,318.5,321.5,322,322.5,323,323.5
1685408729320770762,320.5,320,319.5,319,318.5,321.5,322,322.5,323,323.5
1685408729780668755,320.5,320,319.5,319,318.5,321.5,322,322.5,323,323.5
1685408733892024777,320.5,320,319.5,319,318.5,321.5,322,322.5,323,323.5
1685408737141857399,320.5,320,319.5,319,318.5,321.5,322,322.5,323,323.5
1685408741521525500,320.5,320,319.5,319,318.5,321.5,322,322.5,323,323.5
1685408741521560816,320.5,320,319.5,319,318.5,321.5,322,322.5,323,323.5
1685408741543515619,320,319.5,319,318.5,318,321.5,322,322.5,323,323.5
1685408741562366023,320,319.5,319,318.5,318,321.5,322,322.5,323,323.5
1685408741562366023,320,319.5,319,318.5,318,321.5,322,322.5,323,323.5
1685408741572825932,320,319.5,319,318.5,318,321.5,322,322.5,323,323.5
1685408741583502789,320,319.5,319,318.5,318,321.5,322,322.5,323,323.5
1685408742408484008,320,319.5,319,318.5,318,321.5,322,322.5,323,323.5
1685408742562750041,321,320,319.5,319,318.5,321.5,322,322.5,323,323.5
1685408742593464421,321,320,319.5,319,318.5,321.5,322,322.5,323,323.5
1685408742593537348,320,319.5,319,318.5,318,321.5,322,322.5,323,323.5
1685408742593537348,320,319.5,319,318.5,318,321,321.5,322,322.5,323
1685408742593537348,320,319.5,319,318.5,318,321,321.5,322,322.5,323
1685408742593537348,320,319.5,319,318.5,318,321,321.5,322,322.5,323
1685408742593563557,319.5,319,318.5,318,317.5,321,321.5,322,322.5,323
1685408742626464001,319.5,319,318.5,318,317.5,321,321.5,322,322.5,323
1685408742638623422,319.5,319,318.5,318,317.5,321,321.5,322,322.5,323
1685408742638734180,319.5,319,318.5,318,317.5,321,321.5,322,322.5,323
1685408742648842870,319.5,319,318.5,318,317.5,321,321.5,322,322.5,323
1685408742948530800,319.5,319,318.5,318,317.5,321,321.5,322,322.5,323
1685408743237706020,319.5,319,318.5,318,317.5,321,321.5,322,322.5,323
1685408743237706020,319.5,319,318.5,318,317.5,321,321.5,322,322.5,323
1685408743275420063,319.5,319,318.5,318,317.5,321.5,322,322.5,323,323.5
1685408743412736911,319.5,319,318.5,318,317.5,321.5,322,322.5,323,323.5
1685408743445571462,319.5,319,318.5,318,317.5,321.5,322,322.5,323,323.5
1685408743468711390,319.5,319,318.5,318,317.5,321.5,322,322.5,323,323.5
1685408756184124183,319.5,319,318.5,318,317.5,321.5,322,322.5,323,323.5
1685408756214892354,319.5,319,318.5,318,317.5,321.5,322,322.5,323,323.5
1685408762910430896,320,319.5,319,318.5,318,321.5,322,322.5,323,323.5
1685408762934924646,320,319.5,319,318.5,318,321.5,322,322.5,323,323.5
1685408762967136127,320,319.5,319,318.5,318,321.5,322,322.5,323,323.5
1685408774930859009,320,319.5,319,318.5,318,321.5,322,322.5,323,323.5
1685408780240950785,320,319.5,319,318.5,318,321.5,322,322.5,323,323.5
1685408780593791275,320,319.5,319,318.5,318,321.5,322,322.5,323,323.5
1685408782081439951,320,319.5,319,318.5,318,321.5,322,322.5,323,323.5
1685408782874668211,320,319.5,319,318.5,318,321.5,322,322.5,323,323.5
1685408796197759495,320,319.5,319,318.5,318,321.5,322,322.5,323,323.5
1685408797063585947,320,319.5,319,318.5,318,321.5,322,322.5,323,323.5
1685408801836598496,320,319.5,319,318.5,318,321.5,322,322.5,323,323.5
1685408801836598496,319.5,319,318.5,318,317.5,321.5,322,322.5,323,323.5
1685408801858323557,319.5,319,318.5,318,317.5,321.5,322,322.5,323,323.5
1685408801879493045,319.5,319,318.5,318,317.5,321.5,322,322.5,323,323.5
1685408804148155188,319.5,319,318.5,318,317.5,321.5,322,322.5,323,323.5
1685408804403589376,319.5,319,318.5,318,317.5,320,321.5,322,322.5,323
1685408804439730205,319.5,319,318.5,318,317.5,320,321.5,322,322.5,323
1685408804596448352,319.5,319,318.5,318,317.5,320,321.5,322,322.5,323
1685408804629186532,319.5,319,318.5,318,317.5,320,321.5,322,322.5,323
1685408804835339378,319.5,319,318.5,318,317.5,321.5,322,322.5,323,323.5
1685408806225151987,319.5,319,318.5,318,317.5,321.5,322,322.5,323,323.5
1685408806253638303,319.5,319,318.5,318,317.5,321.5,322,322.5,323,323.5
1685408808321617711,319.5,319,318.5,318,317.5,321.5,322,322.5,323,323.5
1685408810073983256,319.5,319,318.5,318,317.5,321.5,322,322.5,323,323.5
1685408817572534189,319.5,319,318.5,318,317.5,321.5,322,322.5,323,323.5
1685408819043028688,319.5,319,318.5,318,317.5,321,321.5,322,322.5,323
1685408819063915506,319.5,319,318.5,318,317.5,321,321.5,322,322.5,323
1685408819063915506,319.5,319,318.5,318,317.5,321,321.5,322,322.5,323
1685408819145553260,319.5,319,318.5,318,317.5,321,321.5,322,322.5,323
1685408821502900561,319.5,319,318.5,318,317.5,321,321.5,322,322.5,323
1685408821640877860,319.5,319,318.5,318,317.5,321,321.5,322,322.5,323
1685408821732643862,319.5,319,318.5,318,317.5,321,321.5,322,322.5,323
1685408821955978619,320,319.5,319,318.5,318,321,321.5,322,322.5,323
1685408821988386098,320,319.5,319,318.5,318,321,321.5,322,322.5,323
1685408822009659081,320,319.5,319,318.5,318,321,321.5,322,322.5,323
1685408823084139677,320,319.5,319,318.5,318,321,321.5,322,322.5,323
1685408824111068689,320,319.5,319,318.5,318,321,321.5,322,322.5,323
1685408825966507637,320,319.5,319,318.5,318,321,321.5,322,322.5,323
1685408825966507637,320,319.5,319,318.5,318,321,321.5,322,322.5,323
1685408826149232705,320,319.5,319,318.5,318,321,321.5,322,322.5,323
1685408826983376279,320,319.5,319,318.5,318,321,321.5,322,322.5,323
1685408826983402358,320,319.5,319,318.5,318,321,321.5,322,322.5,323
1685408827212578925,320,319.5,319,318.5,318,321,321.5,322,322.5,323
1685408827353092556,320,319.5,319,318.5,318,321,321.5,322,322.5,323
1685408829931316259,320,319.5,319,318.5,318,321,321.5,322,322.5,323
1685408832125971837,320,319.5,319,318.5,318,321,321.5,322,322.5,323
1685408833728960631,320,319.5,319,318.5,318,320.5,321,321.5,322,322.5
1685408834760868191,320,319.5,319,318.5,318,320.5,321,321.5,322,322.5
1685408835234716868,320,319.5,319,318.5,318,320.5,321,321.5,322,322.5
1685408835603334643,320,319.5,319,318.5,318,320.5,321,321.5,322,322.5
1685408836245647772,320,319.5,319,318.5,318,320.5,321,321.5,322,322.5
1685408836258372955,320,319.5,319,318.5,318,320.5,321,321.5,322,322.5
1685408836270895067,320,319.5,319,318.5,318,320.5,321,321.5,322,322.5
1685408844511469213,320,319.5,319,318.5,318,320.5,321,321.5,322,322.5
1685408845429745958,320,319.5,319,318.5,318,320.5,321,321.5,322,322.5
1685408846145785308,320,319.5,319,318.5,318,320.5,321,321.5,322,322.5
1685408846145785308,320,319.5,319,318.5,318,320.5,321,321.5,322,322.5
1685408846348279334,320,319.5,319,318.5,318,320.5,321,321.5,322,322.5
1685408847148280172,320,319.5,319,318.5,318,320.5,321,321.5,322,322.5
1685408847148280172,320,319.5,319,318.5,318,320.5,321,321.5,322,322.5
1685408847189502341,320,319.5,319,318.5,318,320.5,321,321.5,322,322.5
1685408847370656660,320,319.5,319,318.5,318,320.5,321,321.5,322,322.5
1685408848737342127,320,319.5,319,318.5,318,321,321.5,322,322.5,323
1685408849607739933,320.5,320,319.5,319,318.5,321,321.5,322,322.5,323
1685408849640509622,320.5,320,319.5,319,318.5,321,321.5,322,322.5,323
1685408853384391821,320.5,320,319.5,319,318.5,321,321.5,322,322.5,323
1685408855438460662,320,319.5,319,318.5,318,321,321.5,322,322.5,323
1685408855438460662,320,319.5,319,318.5,318,321,321.5,322,322.5,323
1685408855480865482,320,319.5,319,318.5,318,321,321.5,322,322.5,323
1685408855512424057,320,319.5,319,318.5,318,321,321.5,322,322.5,323
1685408856472701904,320,319.5,319,318.5,318,321,321.5,322,322.5,323
1685408857461941611,320,319.5,319,318.5,318,321,321.5,322,322.5,323
1685408857891022702,320,319.5,319,318.5,318,321,321.5,322,322.5,323
1685408859271748250,320,319.5,319,318.5,318,321,321.5,322,322.5,323
1685408859271748250,320,319.5,319,318.5,318,321,321.5,322,322.5,323
1685408859466885504,320,319.5,319,318.5,318,321,321.5,322,322.5,323
1685408860304586759,320,319.5,319,318.5,318,321,321.5,322,322.5,323
1685408860304586759,320,319.5,319,318.5,318,321,321.5,322,322.5,323
1685408860475854455,320,319.5,319,318.5,318,321,321.5,322,322.5,323
1685408861463657855,320.5,320,319.5,319,318.5,321,321.5,322,322.5,323
1685408861497619532,320.5,320,319.5,319,318.5,321,321.5,322,322.5,323
1685408862549447225,320.5,320,319.5,319,318.5,321,321.5,322,322.5,323
1685408863400568618,320.5,320,319.5,319,318.5,321,321.5,322,322.5,323
1685408867455183476,320.5,320,319.5,319,318.5,321,321.5,322,322.5,323
1685408868039984610,320.5,320,319.5,319,318.5,321,321.5,322,322.5,323
1685408869684978114,320.5,320,319.5,319,318.5,321,321.5,322,322.5,323
1685408878727685669,320.5,320,319.5,319,318.5,321,321.5,322,322.5,323
1685408881301164857,320.5,320,319.5,319,318.5,321,321.5,322,322.5,323
1685408886500823646,320.5,320,319.5,319,318.5,321,321.5,322,322.5,323
1685408886500823646,320.5,320,319.5,319,318.5,321,321.5,322,322.5,323
1685408886726553391,320.5,320,319.5,319,318.5,321,321.5,322,322.5,323
1685408886726553391,320.5,320,319.5,319,318.5,321,321.5,322,322.5,323
1685408887500564520,320.5,320,319.5,319,318.5,321,321.5,322,322.5,323
1685408887500564520,320.5,320,319.5,319,318.5,321,321.5,322,322.5,323
1685408887693286749,320.5,320,319.5,319,318.5,321,321.5,322,322.5,323
1685408887693446169,320.5,320,319.5,319,318.5,321,321.5,322,322.5,323
1685408892039639323,320.5,320,319.5,319,318.5,321,321.5,322,322.5,323
1685408893640325775,320.5,320,319.5,319,318.5,321,321.5,322,322.5,323
1685408894971471964,320,319.5,319,318.5,318,321,321.5,322,322.5,323
1685408894991975642,320,319.5,319,318.5,318,321,321.5,322,322.5,323
1685408895014490025,320,319.5,319,318.5,318,321,321.5,322,322.5,323
1685408895371878936,320,319.5,319,318.5,318,321,321.5,322,322.5,323
1685408895742126431,320,319.5,319,318.5,318,320.5,321,321.5,322,322.5
1685408907056794514,320,319.5,319,318.5,318,320.5,321,321.5,322,322.5
1685408907456241995,320,319.5,319,318.5,318,320.5,321,321.5,322,322.5
1685408910310106042,320,319.5,319,318.5,318,320.5,321,321.5,322,322.5
1685408910310131239,320,319.5,319,318.5,318,320.5,321,321.5,322,322.5
1685408910415083620,320,319.5,319,318.5,318,320.5,321,321.5,322,322.5
1685408913780773241,320,319.5,319,318.5,318,320.5,321,321.5,322,322.5
1685408913869804819,320,319.5,319,318.5,318,320.5,321,321.5,322,322.5
1685408913903409676,320,319.5,319,318.5,318,320.5,321,321.5,322,322.5
1685408913938129547,320,319.5,319,318.5,318,320.5,321,321.5,322,322.5
1685408914486464843,320,319.5,319,318.5,318,320.5,321,321.5,322,322.5
1685408916766676588,320,319.5,319,318.5,318,320.5,321,321.5,322,322.5
1685408916766676588,320,319.5,319,318.5,318,320.5,321,321.5,322,322.5
1685408916960839543,320,319.5,319,318.5,318,320.5,321,321.5,322,322.5
1685408916960839543,320,319.5,319,318.5,318,320.5,321,321.5,322,322.5
1685408917773174060,320,319.5,319,318.5,318,320.5,321,321.5,322,322.5
1685408917773174060,320,319.5,319,318.5,318,320.5,321,321.5,322,322.5
1685408917985195065,320,319.5,319,318.5,318,320.5,321,321.5,322,322.5
1685408917985195065,320,319.5,319,318.5,318,320.5,321,321.5,322,322.5
1685408918130719345,320,319.5,319,318.5,318,320.5,321,321.5,322,322.5
1685408919298177690,320,319.5,319,318.5,318,320.5,321,321.5,322,322.5
1685408919730127859,320,319.5,319,318.5,318,320.5,321,321.5,322,322.5
1685408920107691491,319.5,319,318.5,318,317.5,320.5,321,321.5,322,322.5
1685408920150471185,319.5,319,318.5,318,317.5,320.5,321,321.5,322,322.5
1685408920150471185,319.5,319,318.5,318,317.5,320.5,321,321.5,322,322.5
1685408920171278463,319.5,319,318.5,318,317.5,320.5,321,321.5,322,322.5
1685408922143502254,319.5,319,318.5,318,317.5,320.5,321,321.5,322,322.5
1685408923667317042,319.5,319,318.5,318,317.5,320.5,321,321.5,322,322.5
1685408934659133429,319.5,319,318.5,318,317.5,320.5,321,321.5,322,322.5
1685408934688153407,319.5,319,318.5,318,317.5,320.5,321,321.5,322,322.5
1685408935960467011,319.5,319,318.5,318,317.5,320.5,321,321.5,322,322.5
1685408937311299895,319.5,319,318.5,318,317.5,320.5,321,321.5,322,322.5
1685408944142632198,319.5,319,318.5,318,317.5,320.5,321,321.5,322,322.5
1685408948651146916,319.5,319,318.5,318,317.5,320.5,321,321.5,322,322.5
1685408949405001811,319.5,319,318.5,318,317.5,320.5,321,321.5,322,322.5
1685408957541664613,319.5,319,318.5,318,317.5,320.5,321,321.5,322,322.5
1685408962610567271,319.5,319,318.5,318,317.5,320.5,321,321.5,322,322.5
1685408962692615617,319.5,319,318.5,318,317.5,320.5,321,321.5,322,322.5
1685408965791936733,320,319.5,319,318.5,318,320.5,321,321.5,322,322.5
1685408965822658687,320,319.5,319,318.5,318,320.5,321,321.5,322,322.5
1685408969140624526,320,319.5,319,318.5,318,320.5,321,321.5,322,322.5
1685408972172780212,320,319.5,319,318.5,318,320.5,321,321.5,322,322.5
1685408977624543709,320,319.5,319,318.5,318,320.5,321,321.5,322,322.5
1685408977646519922,319.5,319,318.5,318,317.5,320.5,321,321.5,322,322.5
1685408980733357891,319.5,319,318.5,318,317.5,320,320.5,321,321.5,322
1685408984855156045,320,319.5,319,318.5,318,320.5,321,321.5,322,322.5
1685408984888263619,320,319.5,319,318.5,318,320.5,321,321.5,322,322.5
1685408984888263619,319.5,319,318.5,318,317.5,320.5,321,321.5,322,322.5
1685408985470593004,319.5,319,318.5,318,317.5,320.5,321,321.5,322,322.5
1685408985506062453,319.5,319,318.5,318,317.5,320.5,321,321.5,322,322.5
1685408997028909592,319.5,319,318.5,318,317.5,320.5,321,321.5,322,322.5
1685409002625786872,319.5,319,318.5,318,317.5,320.5,321,321.5,322,322.5
1685409005208405107,319.5,319,318.5,318,317.5,320.5,321,321.5,322,322.5
1685409005250432910,319.5,319,318.5,318,317.5,320.5,321,321.5,322,322.5
1685409012853404201,319.5,319,318.5,318,317.5,320.5,321,321.5,322,322.5
1685409014653969566,319.5,319,318.5,318,317.5,320.5,321,321.5,322,322.5
1685409018737494270,319.5,319,318.5,318,317.5,320.5,321,321.5,322,322.5
1685409019317343059,319.5,319,318.5,318,317.5,320.5,321,321.5,322,322.5
1685409023010773463,319.5,319,318.5,318,317.5,320.5,321,321.5,322,322.5
1685409027587060351,319.5,319,318.5,318,317.5,320.5,321,321.5,322,322.5
1685409035438176650,320,319.5,319,318.5,318,320.5,321,321.5,322,322.5
1685409035459839835,320,319.5,319,318.5,318,320.5,321,321.5,322,322.5
1685409040186041628,320,319.5,319,318.5,318,320.5,321,321.5,322,322.5
1685409042247825925,320,319.5,319,318.5,318,320.5,321,321.5,322,322.5
1685409048800934845,320,319.5,319,318.5,318,320.5,321,321.5,322,322.5
1685409048845638151,320,319.5,319,318.5,318,320.5,321,321.5,322,322.5
1685409052347866423,320,319.5,319,318.5,318,320.5,321,321.5,322,322.5
1685409059743977496,319.5,319,318.5,318,317.5,320.5,321,321.5,322,322.5
1685409059764626397,319.5,319,318.5,318,317.5,320.5,321,321.5,322,322.5
1685409059798765297,319.5,319,318.5,318,317.5,320.5,321,321.5,322,322.5
1685409070660699680,319.5,319,318.5,318,317.5,320.5,321,321.5,322,322.5
1685409075325816513,319.5,319,318.5,318,317.5,320.5,321,321.5,322,322.5
1685409083445758835,320,319.5,319,318.5,318,320.5,321,321.5,322,322.5
1685409083477938085,320,319.5,319,318.5,318,320.5,321,321.5,322,322.5
1685409083477938085,320,319.5,319,318.5,318,320.5,321,321.5,322,322.5
1685409085019334361,320,319.5,319,318.5,318,320.5,321,321.5,322,322.5
1685409087637653264,320,319.5,319,318.5,318,320.5,321,321.5,322,322.5
1685409087637653264,320,319.5,319,318.5,318,320.5,321,321.5,322,322.5
1685409087974184173,320,319.5,319,318.5,318,320.5,321,321.5,322,322.5
1685409089080949143,320,319.5,319,318.5,318,320.5,321,321.5,322,322.5
1685409094937232473,320,319.5,319,318.5,318,320.5,321,321.5,322,322.5
1685409106201356677,320,319.5,319,318.5,318,320.5,321,321.5,322,322.5
1685409119901501812,320,319.5,319,318.5,318,320.5,321,321.5,322,322.5
1685409129746572960,320,319.5,319,318.5,318,320.5,321,321.5,322,322.5
1685409131152731141,320,319.5,319,318.5,318,320.5,321,321.5,322,322.5
1685409132243108783,320,319.5,319,318.5,318,320.5,321,321.5,322,322.5
1685409132967094849,320,319.5,319,318.5,318,320.5,321,321.5,322,322.5
1685409134639106723,320,319.5,319,318.5,318,320.5,321,321.5,322,322.5
1685409136083989264,320,319.5,319,318.5,318,320.5,321,321.5,322,322.5
1685409136713739410,320,319.5,319,318.5,318,320.5,321,321.5,322,322.5
1685409139742857964,320,319.5,319,318.5,318,320.5,321,321.5,322,322.5
1685409140565167335,320,319.5,319,318.5,318,320.5,321,321.5,322,322.5
1685409147917518058,320,319.5,319,318.5,318,320.5,321,321.5,322,322.5
1685409149506796421,320,319.5,319,318.5,318,320.5,321,321.5,322,322.5
1685409153319268102,320,319.5,319,318.5,318,320.5,321,321.5,322,322.5
1685409153352049693,320,319.5,319,318.5,318,321,321.5,322,322.5,323
1685409153390595849,320,319.5,319,318.5,318,321,321.5,322,322.5,323
1685409153412193661,320,319.5,319,318.5,318,321,321.5,322,322.5,323
1685409153444132681,320,319.5,319,318.5,318,321,321.5,322,322.5,323
1685409153464968232,320,319.5,319,318.5,318,321.5,322,322.5,323,323.5
1685409153500441588,320,319.5,319,318.5,318,321.5,322,322.5,323,323.5
1685409153691852947,320,319.5,319,318.5,318,321.5,322,322.5,323,323.5
1685409154063626990,320.5,320,319.5,319,318.5,321.5,322,322.5,323,323.5
1685409154095332932,320.5,320,319.5,319,318.5,321.5,322,322.5,323,323.5
1685409154106804932,320.5,320,319.5,319,318.5,321.5,322,322.5,323,323.5
1685409154127081013,320.5,320,319.5,319,318.5,321.5,322,322.5,323,323.5
1685409156130067225,320.5,320,319.5,319,318.5,321.5,322,322.5,323,323.5
1685409156175126109,320.5,320,319.5,319,318.5,321.5,322,322.5,323,323.5
1685409156175126109,320.5,320,319.5,319,318.5,321.5,322,322.5,323,323.5
1685409161907450920,321,320.5,320,319.5,319,321.5,322,322.5,323,323.5
1685409161941285188,321,320.5,320,319.5,319,321.5,322,322.5,323,323.5
1685409164318022806,321,320.5,320,319.5,319,321.5,322,322.5,323,323.5
1685409164815685170,321,320.5,320,319.5,319,321.5,322,322.5,323,323.5
1685409164815685170,321,320.5,320,319.5,319,321.5,322,322.5,323,323.5
1685409165912814120,321,320.5,320,319.5,319,321.5,322,322.5,323,323.5
1685409166008760211,321,320.5,320,319.5,319,321.5,322,322.5,323,323.5
1685409166095090627,321.5,321,320.5,320,319.5,322,322.5,323,323.5,324
1685409166119561665,321.5,321,320.5,320,319.5,322,322.5,323,323.5,324
1685409167946394657,321.5,321,320.5,320,319.5,322,322.5,323,323.5,324
1685409169885579434,321.5,321,320.5,320,319.5,322,322.5,323,323.5,324
1685409171051360377,321.5,321,320.5,320,319.5,322,322.5,323,323.5,324
1685409172662963909,321.5,321,320.5,320,319.5,322,322.5,323,323.5,324
1685409177699482116,321.5,321,320.5,320,319.5,322,322.5,323,323.5,324
1685409177905699705,321.5,321,320.5,320,319.5,322,322.5,323,323.5,324
1685409178317387161,321.5,321,320.5,320,319.5,322,322.5,323,323.5,324
1685409178700792394,321.5,321,320.5,320,319.5,322,322.5,323,323.5,324
1685409180323575988,321.5,321,320.5,320,319.5,322,322.5,323,323.5,324
1685409180777393077,321.5,321,320.5,320,319.5,322,322.5,323,323.5,324
1685409184425899215,321.5,321,320.5,320,319.5,322,322.5,323,323.5,324
1685409185164855229,321.5,321,320.5,320,319.5,322,322.5,323,323.5,324
1685409188795986343,321.5,321,320.5,320,319.5,322,322.5,323,323.5,324
1685409192277670802,321.5,321,320.5,320,319.5,322,322.5,323,323.5,324
1685409193315920840,321.5,321,320.5,320,319.5,322,322.5,323,323.5,324
1685409201303121284,321.5,321,320.5,320,319.5,322,322.5,323,323.5,324
1685409201347674589,321.5,321,320.5,320,319.5,322,322.5,323,323.5,324
1685409202866034044,321.5,321,320.5,320,319.5,322,322.5,323,323.5,324
1685409205388032740,321.5,321,320,319.5,319,322,322.5,323,323.5,324
1685409207436246034,321.5,321,320,319.5,319,322,322.5,323,323.5,324
1685409211108213555,321.5,321,320,319.5,319,322,322.5,323,323.5,324
1685409211130817888,321,320,319.5,319,318.5,322,322.5,323,323.5,324
1685409211162675445,321,320,319.5,319,318.5,322,322.5,323,323.5,324
1685409211183077142,321,320,319.5,319,318.5,322,322.5,323,323.5,324
1685409211311845441,321,320.5,320,319.5,319,322,322.5,323,323.5,324
1685409214252998404,321,320.5,320,319.5,319,322,322.5,323,323.5,324
1685409214263204397,321,320.5,320,319.5,319,321.5,322,322.5,323,323.5
1685409214286335368,320.5,320,319.5,319,318.5,321.5,322,322.5,323,323.5
1685409214319550855,320.5,320,319.5,319,318.5,321.5,322,322.5,323,323.5
1685409214319550855,320.5,320,319.5,319,318.5,321.5,322,322.5,323,323.5
1685409214319733478,320.5,320,319.5,319,318.5,321.5,322,322.5,323,323.5
1685409214332923654,320.5,320,319.5,319,318.5,321.5,322,322.5,323,323.5
1685409214353296026,320.5,320,319.5,319,318.5,321.5,322,322.5,323,323.5
1685409218112719367,320.5,320,319.5,319,318.5,321.5,322,322.5,323,323.5
1685409220274347042,320.5,320,319.5,319,318.5,321.5,322,322.5,323,323.5
1685409220274347042,320.5,320,319.5,319,318.5,321.5,322,322.5,323,323.5
1685409222219852810,320.5,320,319.5,319,318.5,321.5,322,322.5,323,323.5
1685409222233710830,320.5,320,319.5,319,318.5,321.5,322,322.5,323,323.5
1685409222628151353,320.5,320,319.5,319,318.5,321.5,322,322.5,323,323.5
1685409224311843141,320.5,320,319.5,319,318.5,321.5,322,322.5,323,323.5
1685409224892334599,320.5,320,319.5,319,318.5,321.5,322,322.5,323,323.5
1685409227016266144,320.5,320,319.5,319,318.5,321,321.5,322,322.5,323
1685409227145257903,320.5,320,319.5,319,318.5,321,321.5,322,322.5,323
1685409227334786477,320.5,320,319.5,319,318.5,321,321.5,322,322.5,323
1685409229294852084,320.5,320,319.5,319,318.5,321,321.5,322,322.5,323
1685409229294852084,320.5,320,319.5,319,318.5,321,321.5,322,322.5,323
1685409229528295413,320.5,320,319.5,319,318.5,321,321.5,322,322.5,323
1685409230458364118,320.5,320,319.5,319,318.5,321,321.5,322,322.5,323
1685409230468233459,320.5,320,319.5,319,318.5,321,321.5,322,322.5,323
1685409233535129642,320.5,320,319.5,319,318.5,321,321.5,322,322.5,323
1685409234811092417,320.5,320,319.5,319,318.5,321,321.5,322,322.5,323
1685409237541022504,320.5,320,319.5,319,318.5,321,321.5,322,322.5,323
1685409238126955298,320.5,320,319.5,319,318.5,321,321.5,322,322.5,323
1685409240667858413,320.5,320,319.5,319,318.5,321,321.5,322,322.5,323
1685409242593911076,320.5,320,319.5,319,318.5,321,321.5,322,322.5,323
1685409247996192699,320.5,320,319.5,319,318.5,321,321.5,322,322.5,323
1685409249630459597,320.5,320,319.5,319,318.5,321,321.5,322,322.5,323
1685409250809398086,320.5,320,319.5,319,318.5,321,321.5,322,322.5,323
1685409259682655819,320.5,320,319.5,319,318.5,321,321.5,322,322.5,323
1685409263574322298,320.5,320,319.5,319,318.5,321,321.5,322,322.5,323
1685409264241103296,320.5,320,319.5,319,318.5,321,321.5,322,322.5,323
1685409267095174696,320.5,320,319.5,319,318.5,321.5,322,322.5,323,323.5
1685409273051865086,320.5,320,319.5,319,318.5,321.5,322,322.5,323,323.5
1685409277570602864,320.5,320,319.5,319,318.5,321.5,322,322.5,323,323.5
1685409278369354374,320.5,320,319.5,319,318.5,321.5,322,322.5,323,323.5
1685409278389813068,320.5,320,319.5,319,318.5,322,322.5,323,323.5,324
1685409284306616107,320.5,320,319.5,319,318.5,322,322.5,323,323.5,324
1685409289766783854,320.5,320,319.5,319,318.5,322,322.5,323,323.5,324
1685409290624975731,320.5,320,319.5,319,318.5,322,322.5,323,323.5,324
1685409298583431491,321,320.5,320,319.5,319,322,322.5,323,323.5,324
1685409298616116431,321,320.5,320,319.5,319,322,322.5,323,323.5,324
1685409298650129004,321,320.5,320,319.5,319,322,322.5,323,323.5,324
1685409299562353154,321,320.5,320,319.5,319,322,322.5,323,323.5,324
1685409315322962751,321,320.5,320,319.5,319,322,322.5,323,323.5,324
1685409321833005470,321,320.5,320,319.5,319,322,322.5,323,323.5,324
1685409326269883100,321,320.5,320,319.5,319,322,322.5,323,323.5,324
1685409329388857534,321,320.5,320,319.5,319,322,322.5,323,323.5,324
1685409332032905742,321,320.5,320,319.5,319,322,322.5,323,323.5,324
1685409339427140329,321,320.5,320,319.5,319,322,322.5,323,323.5,324
1685409345051062694,321,320.5,320,319.5,319,322,322.5,323,323.5,324
1685409348226681907,321,320.5,320,319.5,319,322,322.5,323,323.5,324
1685409348237724852,321,320.5,320,319.5,319,322,322.5,323,323.5,324
1685409354712477974,321,320.5,320,319.5,319,322,322.5,323,323.5,324
1685409365087782789,321,320.5,320,319.5,319,322,322.5,323,323.5,324
1685409365130343552,321,320.5,320,319.5,319,322,322.5,323,323.5,324
1685409366287888506,321,320.5,320,319.5,319,322,322.5,323,323.5,324
1685409366521571466,321,320.5,320,319.5,319,322,322.5,323,323.5,324
1685409377286658090,321,320.5,320,319.5,319,322,322.5,323,323.5,324
1685409378463494907,322,321,320.5,320,319.5,322.5,323,323.5,324,324.5
1685409378483896274,322,321,320.5,320,319.5,322.5,323,323.5,324,324.5
1685409378506532225,322,321,320.5,320,319.5,322.5,323,323.5,324,324.5
1685409378670491220,322,321,320.5,320,319.5,322.5,323,323.5,324,324.5
1685409380720366402,321,320.5,320,319.5,319,322.5,323,323.5,324,324.5
1685409380761238225,321,320.5,320,319.5,319,322.5,323,323.5,324,324.5
1685409380794059691,321,320.5,320,319.5,319,322.5,323,323.5,324,324.5
1685409380794059691,321,320.5,320,319.5,319,322.5,323,323.5,324,324.5
1685409384863436486,321,320.5,320,319.5,319,322.5,323,323.5,324,324.5
1685409384863436486,321,320.5,320,319.5,319,322.5,323,323.5,324,324.5
1685409390599630440,322,321,320.5,320,319.5,322.5,323,323.5,324,324.5
1685409390635639532,322,321,320.5,320,319.5,322.5,323,323.5,324,324.5
1685409390635639532,321,320.5,320,319.5,319,322.5,323,323.5,324,324.5
1685409390965205586,321,320.5,320,319.5,319,322.5,323,323.5,324,324.5
1685409390985912606,321,320.5,320,319.5,319,322.5,323,323.5,324,324.5
1685409394936638228,321.5,321,320.5,320,319.5,322.5,323,323.5,324,324.5
1685409394959165336,321.5,321,320.5,320,319.5,322.5,323,323.5,324,324.5
1685409394959280993,321,320.5,320,319.5,319,322.5,323,323.5,324,324.5
1685409394984082862,321,320.5,320,319.5,319,322.5,323,323.5,324,324.5
1685409395003848615,321,320.5,320,319.5,319,322.5,323,323.5,324,324.5
1685409395179314425,321,320.5,320,319.5,319,322.5,323,323.5,324,324.5
1685409398960078271,321.5,321,320.5,320,319.5,322.5,323,323.5,324,324.5
1685409398990728160,321.5,321,320.5,320,319.5,322.5,323,323.5,324,324.5
1685409400343596771,321,320.5,320,319.5,319,322.5,323,323.5,324,324.5
1685409403794894812,321,320.5,320,319.5,319,322.5,323,323.5,324,324.5
1685409403827227831,321,320.5,320,319.5,319,322.5,323,323.5,324,324.5
1685409403827227831,320.5,320,319.5,319,318.5,322.5,323,323.5,324,324.5
1685409403859825358,320.5,320,319.5,319,318.5,322.5,323,323.5,324,324.5
1685409403870497927,320.5,320,319.5,319,318.5,322.5,323,323.5,324,324.5
1685409403892516469,320.5,320,319.5,319,318.5,322.5,323,323.5,324,324.5
1685409403902796442,320.5,320,319.5,319,318.5,322,322.5,323,323.5,324
1685409403933631298,320.5,320,319.5,319,318.5,322,322.5,323,323.5,324
1685409403933631298,320.5,320,319.5,319,318.5,322,322.5,323,323.5,324
1685409403966499763,320.5,320,319.5,319,318.5,322,322.5,323,323.5,324
1685409403976640113,321,320.5,320,319.5,319,322,322.5,323,323.5,324
1685409404007286796,321,320.5,320,319.5,319,322,322.5,323,323.5,324
1685409404205413084,320.5,320,319.5,319,318.5,322,322.5,323,323.5,324
1685409404490989723,321,320.5,320,319.5,319,322,322.5,323,323.5,324
1685409409841215263,321,320.5,320,319.5,319,322,322.5,323,323.5,324
1685409409841230622,321,320.5,320,319.5,319,322,322.5,323,323.5,324
1685409410888904479,320.5,320,319.5,319,318.5,322,322.5,323,323.5,324
1685409410927578625,320.5,320,319.5,319,318.5,322,322.5,323,323.5,324
1685409410948074779,320.5,320,319.5,319,318.5,322,322.5,323,323.5,324
1685409416311989914,320.5,320,319.5,319,318.5,322,322.5,323,323.5,324
1685409429638466040,320.5,320,319.5,319,318.5,322,322.5,323,323.5,324
1685409435028113804,320.5,320,319.5,319,318.5,322,322.5,323,323.5,324
1685409439624500495,320.5,320,319.5,319,318.5,322,322.5,323,323.5,324
1685409449655878830,320.5,320,319.5,319,318.5,322,322.5,323,323.5,324
1685409469645975078,320.5,320,319.5,319,318.5,321,322,322.5,323,323.5
1685409469665985420,320.5,320,319.5,319,318.5,321,322,322.5,323,323.5
1685409470151300224,320.5,320,319.5,319,318.5,321,322,322.5,323,323.5
1685409472211689231,320.5,320,319.5,319,318.5,321,322,322.5,323,323.5
1685409473542422622,320.5,320,319.5,319,318.5,321,322,322.5,323,323.5
1685409474694915582,320.5,320,319.5,319,318.5,321,322,322.5,323,323.5
1685409474694915582,320.5,320,319.5,319,318.5,321,321.5,322,322.5,323
1685409480483625003,320.5,320,319.5,319,318.5,321,321.5,322,322.5,323
1685409485449927525,320.5,320,319.5,319,318.5,321,321.5,322,322.5,323
1685409488921521881,320.5,320,319.5,319,318.5,321,321.5,322,322.5,323
1685409492152336060,320.5,320,319.5,319,318.5,321,321.5,322,322.5,323
1685409502825454791,320.5,320,319.5,319,318.5,321,321.5,322,322.5,323
1685409512782948482,320.5,320,319.5,319,318.5,321,321.5,322,322.5,323
1685409513746628261,320.5,320,319.5,319,318.5,321,322,322.5,323,323.5
1685409513746628261,320.5,320,319.5,319,318.5,321,322,322.5,323,323.5
1685409525629145527,320.5,320,319.5,319,318.5,321,321.5,322,322.5,323
1685409526663559599,320.5,320,319.5,319,318.5,321,321.5,322,322.5,323
1685409526694205852,320.5,320,319.5,319,318.5,321,321.5,322,322.5,323
1685409526724843338,320,319.5,319,318.5,318,321,321.5,322,322.5,323
1685409526759638931,320,319.5,319,318.5,318,321,321.5,322,322.5,323
1685409526759746283,320,319.5,319,318.5,318,321,321.5,322,322.5,323
1685409526769883577,320,319.5,319,318.5,318,321,321.5,322,322.5,323
1685409526801617822,320.5,320,319.5,319,318.5,321,321.5,322,322.5,323
1685409527028014162,320,319.5,319,318.5,318,321,321.5,322,322.5,323
1685409528769872337,320,319.5,319,318.5,318,321,321.5,322,322.5,323
1685409533748762760,320,319.5,319,318.5,318,321,321.5,322,322.5,323
1685409539403757159,320,319.5,319,318.5,318,321,321.5,322,322.5,323
1685409539598703898,320,319.5,319,318.5,318,320.5,321,321.5,322,322.5
1685409539629428228,320,319.5,319,318.5,318,320.5,321,321.5,322,322.5
1685409539629428228,320,319.5,319,318.5,318,320.5,321,321.5,322,322.5
1685409540780037353,320,319.5,319,318.5,318,320.5,321,321.5,322,322.5
1685409540780037353,320,319.5,319,318.5,318,320.5,321,321.5,322,322.5
1685409540780167267,320,319.5,319,318.5,318,320.5,321,321.5,322,322.5
1685409545973098160,320,319.5,319,318.5,318,320.5,321,321.5,322,322.5
1685409553036176030,319.5,319,318.5,318,317.5,320.5,321,321.5,322,322.5
1685409553058093112,319.5,319,318.5,318,317.5,320.5,321,321.5,322,322.5
1685409553071185695,319.5,319,318.5,318,317.5,320.5,321,321.5,322,322.5
1685409553164797524,319.5,319,318.5,318,317.5,320.5,321,321.5,322,322.5
1685409553175021692,320,319.5,319,318.5,318,320.5,321,321.5,322,322.5
1685409553391514156,319.5,319,318.5,318,317.5,320.5,321,321.5,322,322.5
1685409556738593573,319.5,319,318.5,318,317.5,320.5,321,321.5,322,322.5
1685409563550626513,319.5,319,318.5,318,317.5,320.5,321,321.5,322,322.5
1685409565646405013,319.5,319,318.5,318,317.5,320.5,321,321.5,322,322.5
1685409569811139100,319.5,319,318.5,318,317.5,320.5,321,321.5,322,322.5
1685409577193321766,319.5,319,318.5,318,317.5,320.5,321,321.5,322,322.5
1685409577223833796,319.5,319,318.5,318,317.5,320.5,321,321.5,322,322.5
1685409581776859094,319.5,319,318.5,318,317.5,320.5,321,321.5,322,322.5
1685409584564055917,319.5,319,318.5,318,317.5,320.5,321,321.5,322,322.5
1685409585665926951,319.5,319,318.5,318,317.5,320.5,321,321.5,322,322.5
1685409586148820509,319.5,319,318.5,318,317.5,320.5,321,321.5,322,322.5
1685409586176875787,319.5,319,318.5,318,317.5,320.5,321,321.5,322,322.5
1685409598442810129,319.5,319,318.5,318,317.5,320.5,321,321.5,322,322.5
1685409599274973620,319.5,319,318.5,318,317.5,320.5,321,321.5,322,322.5
1685409612009527182,319.5,319,318.5,318,317.5,320,320.5,321,321.5,322
1685409612041936294,319.5,319,318.5,318,317.5,320,320.5,321,321.5,322
1685409612052311966,319.5,319,318.5,318,317.5,320,320.5,321,321.5,322
1685409614760185401,319.5,319,318.5,318,317.5,320,320.5,321,321.5,322
1685409616903428574,319.5,319,318.5,318,317.5,320,320.5,321,321.5,322
1685409616903541105,319.5,319,318.5,318,317.5,320,320.5,321,321.5,322
1685409616939313713,319.5,319,318.5,318,317.5,320,320.5,321,321.5,322
1685409616971760226,319.5,319,318.5,318,317.5,320,320.5,321,321.5,322
1685409624114460458,319.5,319,318.5,318,317.5,320,320.5,321,321.5,322
1685409624145056336,319.5,319,318.5,318,317.5,320,320.5,321,321.5,322
1685409631990220943,319.5,319,318.5,318,317.5,320,320.5,321,321.5,322
1685409632003378759,319.5,319,318.5,318,317.5,320,320.5,321,321.5,322
1685409632952142674,319.5,319,318.5,318,317.5,320,320.5,321,321.5,322
1685409636605381583,319.5,319,318.5,318,317.5,320,320.5,321,321.5,322
1685409637039450157,319.5,319,318.5,318,317.5,320,320.5,321,321.5,322
1685409637631429029,319.5,319,318.5,318,317.5,320,320.5,321,321.5,322
1685409637643881891,319.5,319,318.5,318,317.5,320,321,321.5,322,322.5
1685409644922331945,319.5,319,318.5,318,317.5,320,321,321.5,322,322.5
1685409645219531769,319.5,319,318.5,318,317.5,320,321,321.5,322,322.5
1685409651662489051,319.5,319,318.5,318,317.5,320,321,321.5,322,322.5
1685409654417010505,319.5,319,318.5,318,317.5,320,321,321.5,322,322.5
1685409658491590202,319.5,319,318.5,318,317.5,320,321,321.5,322,322.5
1685409661481631709,319.5,319,318.5,318,317.5,320,321,321.5,322,322.5
1685409673116415537,319.5,319,318.5,318,317.5,320,321,321.5,322,322.5
1685409692912671986,319.5,319,318.5,318,317.5,320,321,321.5,322,322.5
1685409703378120923,319.5,319,318.5,318,317.5,320,321,321.5,322,322.5
1685409704107085706,319.5,319,318.5,318,317.5,320,321,321.5,322,322.5
1685409707894871201,319.5,319,318.5,318,317.5,320,321,321.5,322,322.5
1685409720204225680,319.5,319,318.5,318,317.5,321,321.5,322,322.5,323
1685409720228493506,319.5,319,318.5,318,317.5,321,321.5,322,322.5,323
1685409720238481189,319.5,319,318.5,318,317.5,321,321.5,322,322.5,323
1685409720261323299,319.5,319,318.5,318,317.5,321,321.5,322,322.5,323
1685409720261607903,319.5,319,318.5,318,317.5,321,321.5,322,322.5,323
1685409721275725651,319.5,319,318.5,318,317.5,321,321.5,322,322.5,323
1685409723439333677,319.5,319,318.5,318,317.5,321,321.5,322,322.5,323
1685409733161498570,319.5,319,318.5,318,317.5,321,321.5,322,322.5,323
1685409769246974840,319.5,319,318.5,318,317.5,321,321.5,322,322.5,323
1685409772352518204,320,319.5,319,318.5,318,321,321.5,322,322.5,323
1685409772374816392,320,319.5,319,318.5,318,321,321.5,322,322.5,323
1685409772396225681,320,319.5,319,318.5,318,321,321.5,322,322.5,323
1685409778108227358,320,319.5,319,318.5,318,321,321.5,322,322.5,323
1685409778162385958,320,319.5,319,318.5,318,321.5,322,322.5,323,323.5
1685409778184111010,320,319.5,319,318.5,318,321.5,322,322.5,323,323.5
1685409778184111010,320,319.5,319,318.5,318,321.5,322,322.5,323,323.5
1685409778216802493,320,319.5,319,318.5,318,321.5,322,322.5,323,323.5
1685409779909572868,320,319.5,319,318.5,318,321,321.5,322,322.5,323
1685409779944288762,320,319.5,319,318.5,318,321,321.5,322,322.5,323
1685409779964829079,320,319.5,319,318.5,318,321,321.5,322,322.5,323
1685409787410635810,320.5,320,319.5,319,318.5,321,321.5,322,322.5,323
1685409790684184258,320.5,320,319.5,319,318.5,321,321.5,322,322.5,323
1685409801350143391,320.5,320,319.5,319,318.5,321.5,322,322.5,323,323.5
1685409801735239964,320.5,320,319.5,319,318.5,321.5,322,322.5,323,323.5
1685409801757978379,320.5,320,319.5,319,318.5,321.5,322,322.5,323,323.5
1685409814770968557,320.5,320,319.5,319,318.5,321.5,322,322.5,323,323.5
1685409814781206420,320.5,320,319.5,319,318.5,321.5,322,322.5,323,323.5
1685409816965371208,320.5,320,319.5,319,318.5,321.5,322,322.5,323,323.5
1685409827338619611,320.5,320,319.5,319,318.5,321.5,322,322.5,323,323.5
1685409843825645511,320,319.5,319,318.5,318,321.5,322,322.5,323,323.5
1685409843857008810,320,319.5,319,318.5,318,321.5,322,322.5,323,323.5
1685409843857008810,320,319.5,319,318.5,318,321.5,322,322.5,323,323.5
1685409843867204824,320,319.5,319,318.5,318,321.5,322,322.5,323,323.5
1685409843879561365,320,319.5,319,318.5,318,321.5,322,322.5,323,323.5
1685409843910269935,320,319.5,319,318.5,318,321.5,322,322.5,323,323.5
1685409843930645133,320,319.5,319,318.5,318,321.5,322,322.5,323,323.5
1685409848979140029,320,319.5,319,318.5,318,321.5,322,322.5,323,323.5
1685409849011901183,320,319.5,319,318.5,318,321.5,322,322.5,323,323.5
1685409851324070219,320,319.5,319,318.5,318,321.5,322,322.5,323,323.5
1685409851646662451,320,319.5,319,318.5,318,321.5,322,322.5,323,323.5
1685409853554579507,320,319.5,319,318.5,318,321.5,322,322.5,323,323.5
1685409853588356598,320,319.5,319,318.5,318,321.5,322,322.5,323,323.5
1685409853601699391,320,319.5,319,318.5,318,321,321.5,322,322.5,323
1685409853632201363,320,319.5,319,318.5,318,321,321.5,322,322.5,323
1685409853632201363,320,319.5,319,318.5,318,321,321.5,322,322.5,323
1685409853669125163,320,319.5,319,318.5,318,321,321.5,322,322.5,323
1685409857676100839,320,319.5,319,318.5,318,321,321.5,322,322.5,323
1685409859253005713,320.5,320,319.5,319,318.5,321,321.5,322,322.5,323
1685409859275033964,320,319.5,319,318.5,318,321,321.5,322,322.5,323
1685409859275033964,320,319.5,319,318.5,318,321,321.5,322,322.5,323
1685409859303235156,320,319.5,319,318.5,318,321.5,322,322.5,323,323.5
1685409859325761823,320,319.5,319,318.5,318,321.5,322,322.5,323,323.5
1685409859335762941,320,319.5,319,318.5,318,321.5,322,322.5,323,323.5
1685409859346199818,320,319.5,319,318.5,318,321.5,322,322.5,323,323.5
1685409861081003589,320,319.5,319,318.5,318,321.5,322,322.5,323,323.5
1685409861825350466,320,319.5,319,318.5,318,321.5,322,322.5,323,323.5
1685409863719739090,320,319.5,319,318.5,318,321.5,322,322.5,323,323.5
1685409884106941199,320,319.5,319,318.5,318,321.5,322,322.5,323,323.5
1685409884558390480,320,319.5,319,318.5,318,321,321.5,322,322.5,323
1685409884589017797,320,319.5,319,318.5,318,321,321.5,322,322.5,323
1685409884589017797,320,319.5,319,318.5,318,321,321.5,322,322.5,323
1685409884589017797,320,319.5,319,318.5,318,321,321.5,322,322.5,323
1685409884589017797,320,319.5,319,318.5,318,321,321.5,322,322.5,323
1685409884621980038,320,319.5,319,318.5,318,321,321.5,322,322.5,323
1685409884621980038,319.5,319,318.5,318,317.5,321,321.5,322,322.5,323
1685409884632232940,319.5,319,318.5,318,317.5,321,321.5,322,322.5,323
1685409884652741638,319.5,319,318.5,318,317.5,321,321.5,322,322.5,323
1685409884662869374,319.5,319,318.5,318,317.5,321,321.5,322,322.5,323
1685409884662869374,319.5,319,318.5,318,317.5,321,321.5,322,322.5,323
1685409894048265296,319.5,319,318.5,318,317.5,321,321.5,322,322.5,323
1685409894239471062,319.5,319,318.5,318,317.5,321,321.5,322,322.5,323
1685409897202039057,319.5,319,318.5,318,317.5,320.5,321,321.5,322,322.5
1685409897212041318,319.5,319,318.5,318,317.5,320.5,321,321.5,322,322.5
1685409897234903074,319.5,319,318.5,318,317.5,320.5,321,321.5,322,322.5
1685409897234903074,319.5,319,318.5,318,317.5,320.5,321,321.5,322,322.5
1685409897246909688,319.5,319,318.5,318,317.5,320.5,321,321.5,322,322.5
1685409897246909688,319.5,319,318.5,318,317.5,320.5,321,321.5,322,322.5
1685409901666598086,319.5,319,318.5,318,317.5,320.5,321,321.5,322,322.5
1685409901709591041,319.5,319,318.5,318,317.5,320.5,321,321.5,322,322.5
1685409907625299420,319.5,319,318.5,318,317.5,320.5,321,321.5,322,322.5
1685409921131300243,319.5,319,318.5,318,317.5,320.5,321,321.5,322,322.5
1685409932755496050,320,319.5,319,318.5,318,320.5,321,321.5,322,322.5
1685409932786712013,319.5,319,318.5,318,317.5,320.5,321,321.5,322,322.5
1685409932786712013,319,318.5,318,317.5,317,320.5,321,321.5,322,322.5
1685409932820995084,319,318.5,318,317.5,317,320.5,321,321.5,322,322.5
1685409932831475372,319,318.5,318,317.5,317,320.5,321,321.5,322,322.5
1685409932843548522,319,318.5,318,317.5,317,320.5,321,321.5,322,322.5
1685409932978729714,319,318.5,318,317.5,317,320.5,321,321.5,322,322.5
1685409933182576736,319,318.5,318,317.5,317,320,320.5,321,321.5,322
1685409933214129841,319,318.5,318,317.5,317,320,320.5,321,321.5,322
1685409933224466189,319,318.5,318,317.5,317,320,320.5,321,321.5,322
1685409933245014001,319,318.5,318,317.5,317,320,320.5,321,321.5,322
1685409933392476883,319,318.5,318,317.5,317,320,320.5,321,321.5,322
1685409934437842999,319,318.5,318,317.5,317,320,320.5,321,321.5,322
1685409934460429638,319,318.5,318,317.5,317,320,320.5,321,321.5,322
1685409934493863535,319,318.5,318,317.5,317,320,320.5,321,321.5,322
1685409934564999243,319,318.5,318,317.5,317,320,320.5,321,321.5,322
1685409934564999243,319,318.5,318,317.5,317,320,320.5,321,321.5,322
1685409938392836197,319,318.5,318,317.5,317,320,320.5,321,321.5,322
1685409938402337116,319,318.5,318,317.5,317,320,320.5,321,321.5,322
1685409939240452879,319,318.5,318,317.5,317,320,320.5,321,321.5,322
1685409950729388971,319,318.5,318,317.5,317,320,320.5,321,321.5,322
1685409953488590439,319,318.5,318,317.5,317,320,320.5,321,321.5,322
1685409958843387943,319,318.5,318,317.5,317,320,320.5,321,321.5,322
1685409961022457060,319,318.5,318,317.5,317,320,320.5,321,321.5,322
1685409961045110575,319,318.5,318,317.5,317,320,320.5,321,321.5,322
1685409962320936542,319,318.5,318,317.5,317,320,320.5,321,321.5,322
1685409965753956072,319,318.5,318,317.5,317,320,320.5,321,321.5,322
1685409966526380150,319,318.5,318,317.5,317,320,320.5,321,321.5,322
1685409971011434487,319,318.5,318,317.5,317,320,320.5,321,321.5,322
1685409973223364956,319,318.5,318,317.5,317,320,320.5,321,321.5,322
1685409978001380741,319,318.5,318,317.5,317,320,320.5,321,321.5,322
1685409978555435980,319,318.5,318,317.5,317,320,320.5,321,321.5,322
1685409986486449846,319,318.5,318,317.5,317,320,320.5,321,321.5,322
1685409988818973997,319,318.5,318,317.5,317,320,320.5,321,321.5,322
1685409989140625855,319,318.5,318,317.5,317,320,320.5,321,321.5,322
1685409995411735933,319,318.5,318,317.5,317,320,320.5,321,321.5,322
1685410000654994341,319,318.5,318,317.5,317,320,320.5,321,321.5,322
1685410001691985041,318.5,318,317.5,317,316.5,320,320.5,321,321.5,322
1685410001722570279,318.5,318,317.5,317,316.5,320,320.5,321,321.5,322
1685410001734979149,318.5,318,317.5,317,316.5,320,320.5,321,321.5,322
1685410001755352693,318.5,318,317.5,317,316.5,320,320.5,321,321.5,322
1685410012312945746,318.5,318,317.5,317,316.5,320,320.5,321,321.5,322
1685410014150009330,318.5,318,317.5,317,316.5,320,320.5,321,321.5,322
1685410017257138246,318.5,318,317.5,317,316.5,320,320.5,321,321.5,322
1685410022408719248,318.5,318,317.5,317,316.5,319.5,320,320.5,321,321.5
1685410022439435803,318.5,318,317.5,317,316.5,319.5,320,320.5,321,321.5
1685410022439435803,318.5,318,317.5,317,316.5,319.5,320,320.5,321,321.5
1685410022470204435,318.5,318,317.5,317,316.5,319.5,320,320.5,321,321.5
1685410022470204435,318.5,318,317.5,317,316.5,319.5,320,320.5,321,321.5
1685410022502013602,318.5,318,317.5,317,316.5,319.5,320,320.5,321,321.5
1685410022698496918,318.5,318,317.5,317,316.5,319.5,320,320.5,321,321.5
1685410023229173410,318.5,318,317.5,317,316.5,319.5,320,320.5,321,321.5
1685410023239263766,318.5,318,317.5,317,316.5,319.5,320,320.5,321,321.5
1685410023273080542,318.5,318,317.5,317,316.5,319.5,320,320.5,321,321.5
1685410023315899561,318.5,318,317.5,317,316.5,319.5,320,320.5,321,321.5
1685410023339253221,319,318.5,318,317.5,317,319.5,320,320.5,321,321.5
1685410023372337702,318.5,318,317.5,317,316.5,319.5,320,320.5,321,321.5
1685410024900233709,318.5,318,317.5,317,316.5,319.5,320,320.5,321,321.5
1685410027360879589,318.5,318,317.5,317,316.5,319.5,320,320.5,321,321.5
1685410027371890584,318.5,318,317.5,317,316.5,319.5,320,320.5,321,321.5
1685410027721260306,318.5,318,317.5,317,316.5,319.5,320,320.5,321,321.5
1685410032236349083,318.5,318,317.5,317,316.5,319,319.5,320,320.5,321
1685410032248516970,318.5,318,317.5,317,316.5,319,319.5,320,320.5,321
1685410032258943447,318.5,318,317.5,317,316.5,319,319.5,320,320.5,321
1685410032258943447,318.5,318,317.5,317,316.5,319,319.5,320,320.5,321
1685410032258943447,318.5,318,317.5,317,316.5,319,319.5,320,320.5,321
1685410032827828802,318.5,318,317.5,317,316.5,319,319.5,320,320.5,321
1685410032848568464,318.5,318,317.5,317,316.5,319,319.5,320,320.5,321
1685410033406700207,318.5,318,317.5,317,316.5,319,319.5,320,320.5,321
1685410034240084007,318.5,318,317.5,317,316.5,319,319.5,320,320.5,321
1685410034252327295,318.5,318,317.5,317,316.5,319,319.5,320,320.5,321
1685410039134309027,318.5,318,317.5,317,316.5,319,319.5,320,320.5,321
1685410039393900288,318.5,318,317.5,317,316.5,319,319.5,320,320.5,321
1685410039958248594,318.5,318,317.5,317,316.5,319,319.5,320,320.5,321
1685410041358151806,318.5,318,317.5,317,316.5,319,319.5,320,320.5,321
1685410043046576279,318.5,318,317.5,317,316.5,319,319.5,320,320.5,321
1685410044243553178,318.5,318,317.5,317,316.5,319,319.5,320,320.5,321
1685410045512385656,318.5,318,317.5,317,316.5,319,319.5,320,320.5,321
1685410048077947372,318.5,318,317.5,317,316.5,319,319.5,320,320.5,321
1685410053613298783,318.5,318,317.5,317,316.5,319,319.5,320,320.5,321
1685410053926854439,318.5,318,317.5,317,316.5,319,319.5,320,320.5,321
1685410056489133382,318.5,318,317.5,317,316.5,319,319.5,320,320.5,321
1685410059144177275,318.5,318,317.5,317,316.5,319,319.5,320,320.5,321
1685410061575030437,318.5,318,317.5,317,316.5,319,319.5,320,320.5,321
1685410065363955958,318.5,318,317.5,317,316.5,319,319.5,320,320.5,321
1685410067338195441,318.5,318,317.5,317,316.5,319,319.5,320,320.5,321
1685410079126924926,318.5,318,317.5,317,316.5,319,319.5,320,320.5,321
1685410083136040718,318.5,318,317.5,317,316.5,319,319.5,320,320.5,321
1685410083158351540,318.5,318,317.5,317,316.5,319,319.5,320,320.5,321
1685410088272079424,318.5,318,317.5,317,316.5,319,319.5,320,320.5,321
1685410088302951922,318,317.5,317,316.5,316,319,319.5,320,320.5,321
1685410088302951922,318,317.5,317,316.5,316,318.5,319,319.5,320,320.5
1685410088313076422,318,317.5,317,316.5,316,318.5,319,319.5,320,320.5
1685410088325905260,318,317.5,317,316.5,316,318.5,319,319.5,320,320.5
1685410088325905260,318,317.5,317,316.5,316,318.5,319,319.5,320,320.5
1685410088337716207,318,317.5,317,316.5,316,318.5,319,319.5,320,320.5
1685410088337770739,318,317.5,317,316.5,316,318.5,319,319.5,320,320.5
1685410088347926187,318,317.5,317,316.5,316,318.5,319,319.5,320,320.5
1685410088674848863,318,317.5,317,316.5,316,318.5,319,319.5,320,320.5
1685410088717735449,318,317.5,317,316.5,316,318.5,319,319.5,320,320.5
1685410091726124871,318,317.5,317,316.5,316,318.5,319,319.5,320,320.5
1685410093362281335,318,317.5,317,316.5,316,318.5,319,319.5,320,320.5
1685410094222605780,318,317.5,317,316.5,316,318.5,319,319.5,320,320.5
1685410094222605780,318,317.5,317,316.5,316,318.5,319,319.5,320,320.5
1685410095675672326,318,317.5,317,316.5,316,318.5,319,319.5,320,320.5
1685410095708516656,317.5,317,316.5,316,315.5,318.5,319,319.5,320,320.5
1685410095729229888,317.5,317,316.5,316,315.5,318.5,319,319.5,320,320.5
1685410095729229888,317.5,317,316.5,316,315.5,318.5,319,319.5,320,320.5
1685410095741312174,317.5,317,316.5,316,315.5,318.5,319,319.5,320,320.5
1685410096412938261,317.5,317,316.5,316,315.5,318.5,319,319.5,320,320.5
1685410096412938261,317.5,317,316.5,316,315.5,318.5,319,319.5,320,320.5
1685410097378448738,317.5,317,316.5,316,315.5,318.5,319,319.5,320,320.5
1685410099865893762,318,317.5,317,316.5,316,318.5,319,319.5,320,320.5
1685410100021688359,318,317.5,317,316.5,316,318.5,319,319.5,320,320.5
1685410100246803265,318,317.5,317,316.5,316,318.5,319,319.5,320,320.5
1685410101971090568,317.5,317,316.5,316,315.5,318.5,319,319.5,320,320.5
1685410102411488439,318,317.5,317,316.5,316,318.5,319,319.5,320,320.5
1685410102690164174,318,317.5,317,316.5,316,318.5,319,319.5,320,320.5
1685410102701229641,318,317.5,317,316.5,316,318.5,319,319.5,320,320.5
1685410102820574669,317.5,317,316.5,316,315.5,318.5,319,319.5,320,320.5
1685410102842686247,317.5,317,316.5,316,315.5,318.5,319,319.5,320,320.5
1685410102852922336,317.5,317,316.5,316,315.5,318.5,319,319.5,320,320.5
1685410105051557056,317.5,317,316.5,316,315.5,318.5,319,319.5,320,320.5
1685410105636196342,317.5,317,316.5,316,315.5,318.5,319,319.5,320,320.5
1685410108170728088,318,317.5,317,316.5,316,318.5,319,319.5,320,320.5
1685410108191268185,318,317.5,317,316.5,316,318.5,319,319.5,320,320.5
1685410111327743940,318,317.5,317,316.5,316,318.5,319,319.5,320,320.5
1685410113657354125,318,317.5,317,316.5,316,318.5,319,319.5,320,320.5
1685410118015446265,318,317.5,317,316.5,316,318.5,319,319.5,320,320.5
1685410119262772052,318,317.5,317,316.5,316,318.5,319,319.5,320,320.5
1685410119262797871,318,317.5,317,316.5,316,318.5,319,319.5,320,320.5
1685410122016355861,318,317.5,317,316.5,316,318.5,319,319.5,320,320.5
1685410125970384803,318,317.5,317,316.5,316,318.5,319,319.5,320,320.5
1685410127098461643,318,317.5,317,316.5,316,318.5,319,319.5,320,320.5
1685410127953525351,318,317.5,317,316.5,316,318.5,319,319.5,320,320.5
1685410134702028942,318,317.5,317,316.5,316,318.5,319,319.5,320,320.5
1685410138927860975,318,317.5,317,316.5,316,318.5,319,319.5,320,320.5
1685410148295851610,318,317.5,317,316.5,316,318.5,319,319.5,320,320.5
1685410161926068908,318,317.5,317,316.5,316,318.5,319,319.5,320,320.5
1685410166335715913,318,317.5,317,316.5,316,318.5,319,319.5,320,320.5
1685410173358384814,318,317.5,317,316.5,316,318.5,319,319.5,320,320.5
1685410190219735491,318,317.5,317,316.5,316,318.5,319,319.5,320,320.5
1685410191756663752,318,317.5,317,316.5,316,318.5,319,319.5,320,320.5
1685410196929906353,318,317.5,317,316.5,316,318.5,319,319.5,320,320.5
1685410202735253476,318,317.5,317,316.5,316,318.5,319,319.5,320,320.5
1685410204068154516,318,317.5,317,316.5,316,318.5,319,319.5,320,320.5
1685410220848801589,318,317.5,317,316.5,316,318.5,319,319.5,320,320.5
1685410224246561980,318,317.5,317,316.5,316,318.5,319,319.5,320,320.5
1685410224666496209,318,317.5,317,316.5,316,318.5,319,319.5,320,320.5
1685410228299905918,318,317.5,317,316.5,316,318.5,319,319.5,320,320.5
1685410228675311528,318,317.5,317,316.5,316,318.5,319,319.5,320,320.5
1685410228928120604,318,317.5,317,316.5,316,318.5,319,319.5,320,320.5
1685410232199896953,318,317.5,317,316.5,316,318.5,319,319.5,320,320.5
1685410236071507620,318,317.5,317,316.5,316,318.5,319,319.5,320,320.5
1685410236423881554,318,317.5,317,316.5,316,318.5,319,319.5,320,320.5
1685410238424966109,318,317.5,317,316.5,316,319,319.5,320,320.5,321
1685410238469978377,318,317.5,317,316.5,316,319,319.5,320,320.5,321
1685410238502884473,318,317.5,317,316.5,316,319,319.5,320,320.5,321
1685410242854712390,318.5,318,317.5,317,316.5,319,319.5,320,320.5,321
1685410242959255405,318.5,318,317.5,317,316.5,319,319.5,320,320.5,321
1685410245394531690,318.5,318,317.5,317,316.5,319,319.5,320,320.5,321
1685410246091487288,318.5,318,317.5,317,316.5,319,319.5,320,320.5,321
1685410248663981901,318.5,318,317.5,317,316.5,319,319.5,320,320.5,321
1685410251999119080,318.5,318,317.5,317,316.5,319,319.5,320,320.5,321
1685410254302155786,318.5,318,317.5,317,316.5,319,319.5,320,320.5,321
1685410256072780158,318.5,318,317.5,317,316.5,319,319.5,320,320.5,321
1685410265659501894,318.5,318,317.5,317,316.5,319,319.5,320,320.5,321
1685410265831680535,318,317.5,317,316.5,316,319,319.5,320,320.5,321
1685410269843485740,318,317.5,317,316.5,316,319,319.5,320,320.5,321
1685410273154157844,318,317.5,317,316.5,316,319,319.5,320,320.5,321
1685410278094121777,318.5,318,317.5,317,316.5,319,319.5,320,320.5,321
1685410280861565608,318.5,318,317.5,317,316.5,319,319.5,320,320.5,321
1685410283699638896,318.5,318,317.5,317,316.5,319,319.5,320,320.5,321
1685410291323529967,318.5,318,317.5,317,316.5,319,319.5,320,320.5,321
1685410295692631301,318.5,318,317.5,317,316.5,319,319.5,320,320.5,321
1685410297363195046,318.5,318,317.5,317,316.5,319,319.5,320,320.5,321
1685410310399633912,318.5,318,317.5,317,316.5,319,319.5,320,320.5,321
1685410311151017497,318.5,318,317.5,317,316.5,319,319.5,320,320.5,321
1685410317211948659,318.5,318,317.5,317,316.5,319,319.5,320,320.5,321
1685410317276136311,318.5,318,317.5,317,316.5,319,319.5,320,320.5,321
1685410332001255854,318.5,318,317.5,317,316.5,319,319.5,320,320.5,321
1685410332441278092,318.5,318,317.5,317,316.5,319,319.5,320,320.5,321
1685410338163538560,318.5,318,317.5,317,316.5,319,319.5,320,320.5,321
1685410338999161749,318.5,318,317.5,317,316.5,319,319.5,320,320.5,321
1685410341860228855,318.5,318,317.5,317,316.5,319,319.5,320,320.5,321
1685410358349862226,318.5,318,317.5,317,316.5,319,319.5,320,320.5,321
1685410360905054336,318.5,318,317.5,317,316.5,319,319.5,320,320.5,321
1685410363273327207,318.5,318,317.5,317,316.5,319,319.5,320,320.5,321
1685410368731403393,318.5,318,317.5,317,316.5,319,319.5,320,320.5,321
1685410370691242087,318.5,318,317.5,317,316.5,319,319.5,320,320.5,321
1685410372822511238,318.5,318,317.5,317,316.5,319,319.5,320,320.5,321
1685410396375472940,318.5,318,317.5,317,316.5,319,319.5,320,320.5,321
1685410411189838486,318.5,318,317.5,317,316.5,319,319.5,320,320.5,321
1685410438277032095,318.5,318,317.5,317,316.5,319,319.5,320,320.5,321
1685410445386780794,318.5,318,317.5,317,316.5,319,319.5,320,320.5,321
1685410446659604395,318.5,318,317.5,317,316.5,319,319.5,320,320.5,321
1685410461944994384,318.5,318,317.5,317,316.5,319,319.5,320,320.5,321
1685410463894616098,318.5,318,317.5,317,316.5,319,319.5,320,320.5,321
1685410468245797117,318.5,318,317.5,317,316.5,319,319.5,320,320.5,321
1685410475470231390,318.5,318,317.5,317,316.5,319,319.5,320,320.5,321
1685410475502825731,318.5,318,317.5,317,316.5,319,319.5,320,320.5,321
1685410475525697075,318.5,318,317.5,317,316.5,319.5,320,320.5,321,321.5
1685410475558067877,318.5,318,317.5,317,316.5,319.5,320,320.5,321,321.5
1685410475580856576,318.5,318,317.5,317,316.5,319.5,320,320.5,321,321.5
1685410479588743508,319,318.5,318,317.5,317,319.5,320,320.5,321,321.5
1685410491421277568,0,0,0,0,0,0,0,0,0,0
1685410491421277568,318.5,318,317.5,317,316.5,319.5,320,320.5,321,321.5
1685410495741504368,318.5,318,317.5,317,316.5,319,319.5,320,320.5,321
1685410495761970016,318.5,318,317.5,317,316.5,319,319.5,320,320.5,321
1685410498426477218,318.5,318,317.5,317,316.5,319,319.5,320,320.5,321
1685410499315245256,318.5,318,317.5,317,316.5,319,319.5,320,320.5,321
1685410502106737422,318.5,318,317.5,317,316.5,319,319.5,320,320.5,321
1685410502656592299,318.5,318,317.5,317,316.5,319,319.5,320,320.5,321
1685410508037705768,318.5,318,317.5,317,316.5,319,319.5,320,320.5,321
1685410513446608816,318.5,318,317.5,317,316.5,319,319.5,320,320.5,321
1685410513522477852,318.5,318,317.5,317,316.5,319,319.5,320,320.5,321
1685410516845374723,318.5,318,317.5,317,316.5,319,319.5,320,320.5,321
1685410521528636178,318.5,318,317.5,317,316.5,319,319.5,320,320.5,321
1685410522171200251,318.5,318,317.5,317,316.5,319,319.5,320,320.5,321
1685410528157603486,318.5,318,317.5,317,316.5,319,319.5,320,320.5,321
1685410529351484492,318.5,318,317.5,317,316.5,319,319.5,320,320.5,321
1685410533906453580,318.5,318,317.5,317,316.5,319,319.5,320,320.5,321
1685410539125715350,318.5,318,317.5,317,316.5,319,319.5,320,320.5,321
1685410542315735525,318.5,318,317.5,317,316.5,319,319.5,320,320.5,321
1685410544218025278,318.5,318,317.5,317,316.5,319,319.5,320,320.5,321
1685410551856545240,318.5,318,317.5,317,316.5,319,319.5,320,320.5,321
1685410554203546027,318,317.5,317,316.5,316,319,319.5,320,320.5,321
1685410554233846311,318,317.5,317,316.5,316,319,319.5,320,320.5,321
1685410554246398169,318,317.5,317,316.5,316,319,319.5,320,320.5,321
1685410555217058454,318,317.5,317,316.5,316,319,319.5,320,320.5,321
1685410568995279958,318,317.5,317,316.5,316,319,319.5,320,320.5,321
1685410585807437381,318,317.5,317,316.5,316,319,319.5,320,320.5,321
1685410585840143181,318,317.5,317,316.5,316,319,319.5,320,320.5,321
1685410587093517145,318,317.5,317,316.5,316,319,319.5,320,320.5,321
1685410606226321048,318,317.5,317,316.5,316,319,319.5,320,320.5,321
1685410612551411319,318,317.5,317,316.5,316,319,319.5,320,320.5,321
1685410612583964212,318,317.5,317,316.5,316,319,319.5,320,320.5,321
1685410617466172197,318,317.5,317,316.5,316,319,319.5,320,320.5,321
1685410638314480496,318,317.5,317,316.5,316,318.5,319,319.5,320,320.5
1685410638345306968,318,317.5,317,316.5,316,318.5,319,319.5,320,320.5
1685410638355429815,318,317.5,317,316.5,316,318.5,319,319.5,320,320.5
1685410641704036277,318,317.5,317,316.5,316,318.5,319,319.5,320,320.5
1685410648712279959,318,317.5,317,316.5,316,318.5,319,319.5,320,320.5
1685410648722603533,318,317.5,317,316.5,316,318.5,319,319.5,320,320.5
1685410648747402907,318,317.5,317,316.5,316,318.5,319,319.5,320,320.5
1685410654715667717,318,317.5,317,316.5,316,318.5,319,319.5,320,320.5
1685410656915666088,318,317.5,317,316.5,316,318.5,319,319.5,320,320.5
1685410656950527175,318,317.5,317,316.5,316,319,319.5,320,320.5,321
1685410656984165957,318,317.5,317,316.5,316,319,319.5,320,320.5,321
1685410657004657173,318,317.5,317,316.5,316,319,319.5,320,320.5,321
1685410660544807078,318,317.5,317,316.5,316,319,319.5,320,320.5,321
1685410666750123330,318,317.5,317,316.5,316,319,319.5,320,320.5,321
1685410670998864276,318,317.5,317,316.5,316,319,319.5,320,320.5,321
1685410678176045569,318.5,318,317.5,317,316.5,319,319.5,320,320.5,321
1685410682720733623,318.5,318,317.5,317,316.5,319,319.5,320,320.5,321
1685410682942991096,318.5,318,317.5,317,316.5,319,319.5,320,320.5,321
1685410685865448057,318,317.5,317,316.5,316,319,319.5,320,320.5,321
1685410685906550183,318,317.5,317,316.5,316,319,319.5,320,320.5,321
1685410685946154777,318,317.5,317,316.5,316,319,319.5,320,320.5,321
1685410688178709709,318,317.5,317,316.5,316,319,319.5,320,320.5,321
1685410694277992549,318.5,318,317.5,317,316.5,319,319.5,320,320.5,321
1685410698268373095,318.5,318,317.5,317,316.5,319,319.5,320,320.5,321
1685410698374079195,318.5,318,317.5,317,316.5,319,319.5,320,320.5,321
1685410700169859464,318.5,318,317.5,317,316.5,319,319.5,320,320.5,321
1685410714249961669,318,317.5,317,316.5,316,318.5,319,319.5,320,320.5
1685410714272672923,318,317.5,317,316.5,316,318.5,319,319.5,320,320.5
1685410716561712545,318,317.5,317,316.5,316,318.5,319,319.5,320,320.5
1685410723203396482,318,317.5,317,316.5,316,318.5,319,319.5,320,320.5
1685410727487321405,318,317.5,317,316.5,316,318.5,319,319.5,320,320.5
1685410728087564146,318,317.5,317,316.5,316,318.5,319,319.5,320,320.5
1685410728098157416,318,317.5,317,316.5,316,318.5,319,319.5,320,320.5
1685410728140795135,318,317.5,317,316.5,316,318.5,319,319.5,320,320.5
1685410728140795135,318,317.5,317,316.5,316,318.5,319,319.5,320,320.5
1685410728195126100,318,317.5,317,316.5,316,318.5,319,319.5,320,320.5
1685410734888978524,318,317.5,317,316.5,316,318.5,319,319.5,320,320.5
1685410736173136536,318,317.5,317,316.5,316,318.5,319,319.5,320,320.5
1685410741404730837,318,317.5,317,316.5,316,318.5,319,319.5,320,320.5
1685410743165168536,318,317.5,317,316.5,316,318.5,319,319.5,320,320.5
1685410747524164461,318,317.5,317,316.5,316,318.5,319,319.5,320,320.5
1685410748830845741,318,317.5,317,316.5,316,318.5,319,319.5,320,320.5
1685410757189748389,318,317.5,317,316.5,316,318.5,319,319.5,320,320.5
1685410758023375339,318,317.5,317,316.5,316,318.5,319,319.5,320,320.5
1685410761066771000,318,317.5,317,316.5,316,318.5,319,319.5,320,320.5
1685410761384131258,318,317.5,317,316.5,316,318.5,319,319.5,320,320.5
1685410764007710040,318,317.5,317,316.5,316,318.5,319,319.5,320,320.5
1685410770909718320,318,317.5,317,316.5,316,318.5,319,319.5,320,320.5
1685410784914847269,318,317.5,317,316.5,316,318.5,319,319.5,320,320.5
1685410790920081255,318,317.5,317,316.5,316,318.5,319,319.5,320,320.5
1685410791142227961,318,317.5,317,316.5,316,318.5,319,319.5,320,320.5
1685410797524560746,318,317.5,317,316.5,316,318.5,319,319.5,320,320.5
1685410804502202584,318,317.5,317,316.5,316,318.5,319,319.5,320,320.5
1685410811806641010,318,317.5,317,316.5,316,318.5,319,319.5,320,320.5
1685410813624084421,318,317.5,317,316.5,316,318.5,319,319.5,320,320.5
1685410838341707960,318,317.5,317,316.5,316,318.5,319,319.5,320,320.5
1685410850282706539,318,317.5,317,316.5,316,318.5,319,319.5,320,320.5
1685410855235812264,318,317.5,317,316.5,316,318.5,319,319.5,320,320.5
1685410855268826739,318,317.5,317,316.5,316,318.5,319,319.5,320,320.5
1685410855299321662,318,317.5,317,316.5,316,318.5,319,319.5,320,320.5
1685410855299321662,317.5,317,316.5,316,315.5,318.5,319,319.5,320,320.5
1685410855330212740,317.5,317,316.5,316,315.5,318,318.5,319,319.5,320
1685410855330212740,317.5,317,316.5,316,315.5,318,318.5,319,319.5,320
1685410855340241679,317.5,317,316.5,316,315.5,318,318.5,319,319.5,320
1685410855350779634,317.5,317,316.5,316,315.5,318,318.5,319,319.5,320
1685410855363183562,317.5,317,316.5,316,315.5,318,318.5,319,319.5,320
1685410855373080513,317.5,317,316.5,316,315.5,318,318.5,319,319.5,320
1685410856301619081,317.5,317,316.5,316,315.5,318,318.5,319,319.5,320
1685410859394341694,317.5,317,316.5,316,315.5,318,318.5,319,319.5,320
1685410862559536854,317.5,317,316.5,316,315.5,318,318.5,319,319.5,320
1685410863627763374,317.5,317,316.5,316,315.5,318,318.5,319,319.5,320
1685410864852316055,317.5,317,316.5,316,315.5,318,318.5,319,319.5,320
1685410864862537125,317.5,317,316.5,316,315.5,318,318.5,319,319.5,320
