Timestamp,BidPrice0,BidPrice1,BidPrice2,BidPrice3,BidPrice4,AskPrice0,AskPrice1,AskPrice2,AskPrice3,AskPrice4
1683498612366116797,0,0,0,0,0,0,0,0,0,0
1683505812321264841,322,303,300,0,0,327.5,336,345,348,350
1683505817351211533,322,320.5,316.5,303,300,327.5,336,345,347,348
1683505822362888817,320.5,316.5,313.5,303,300,327.5,336,338,338.5,345
1683505827386565168,320.5,320,316.5,313.5,303,327.5,335,336,338,338.5
1683505832381644974,320.5,320,318.5,316.5,313.5,327.5,335,336,338,338.5
1683505837397437626,322,320.5,320,318.5,318,327.5,334,335,336,337
1683505842414979943,322,320.5,320,318.5,318,327.5,334,335,336,337
1683505847430628826,323.5,323,322,320.5,320,327.5,334,335,336,337
1683505852446137687,323.5,323,322,320.5,320,327.5,334,335,336,337
1683505857463842151,323.5,323,322,320.5,320,327.5,334,335,336,337
1683505862469198493,323.5,323,322,320.5,320,327.5,334,335,336,337
1683505867488872776,327,323.5,323,322,320.5,327.5,334,335,336,337
1683505872506639028,327,323.5,323,322,321.5,327.5,328,334,334.5,335
1683505877514019412,327,324,323.5,323,322,327.5,328,332.5,333,334
1683505882535942268,327,324,323.5,323,322,327.5,328,330,332.5,333
1683505887551332371,327,326,324,323.5,323,327.5,328,330,332.5,333
1683505907615826645,327,326,324,323.5,323,327.5,328,330,332.5,333
1683505912631355932,327,326,324,323.5,323,327.5,328,330,332.5,333
1683505917642822001,327,326,324,323.5,323,327.5,328,330,332,332.5
1683505922650303561,327,326,324,323.5,323,328,330,332,332.5,333
1683505927676179615,327.5,327,326,324,323.5,328,330,332,332.5,333
1683505942718804415,327.5,327,326,324,323.5,330,332,332.5,333,334
1683505957775740008,328,327.5,327,326,324,330,332,332.5,333,334
1683505977852667208,330,328,327.5,327,326,332.5,333,334,334.5,335
1683506002922454178,330,328,327.5,327,326,332,332.5,333,334,334.5
1683506058094110735,330,328.5,328,327.5,327,332,332.5,333,334,334.5
1683506083176111543,330,328.5,328,327.5,327,332,332.5,333,334,334.5
1683506098218757740,330,328.5,328,327.5,327,332,332.5,333,334,334.5
1683506123311400602,330,328.5,328,327.5,327,330.5,332,332.5,333,334
1683506133328061389,330,328.5,328,327.5,327,330.5,332,332.5,333,334
1683506203567100832,330,328.5,328,327.5,327,330.5,332,332.5,333,334
1683506208588800379,330,328.5,328,327.5,327,330.5,332,332.5,333,334
1683506213594272831,330,328.5,328,327.5,327,330.5,332,332.5,333,334
1683506228643141717,330,328.5,328,327.5,327,330.5,332,332.5,333,334
1683506243681704480,330,328.5,328,327.5,327,330.5,332,332.5,333,334
1683506273795705019,330,328.5,328,327.5,327,330.5,332,332.5,333,334
1683506278821649343,330,328.5,328,327.5,327,330.5,332,332.5,333,334
1683506293858259737,330,328.5,328,327.5,327,330.5,332,332.5,333,334
1683506328961289416,330,328.5,328,327.5,327,330.5,332,332.5,333,334
1683506344018265332,330,328.5,328,327.5,327,330.5,332,332.5,333,334
1683506369079944033,330,328.5,328,327.5,327,330.5,332,332.5,333,334
1683506374093455126,330,328.5,328,327.5,327,330.5,332,332.5,333,334
1683506399779920639,330,328.5,328,327.5,327,330.5,332,332.5,333,334
1683506424855831381,328.5,328,327.5,327,326.5,330,330.5,332,332.5,333
1683506429871553972,328.5,328,327.5,327,326.5,330,330.5,332,332.5,333
1683506465005374915,328.5,328,327.5,327,326.5,330,330.5,332,332.5,333
1683506470016846689,329,328.5,328,327.5,327,330,330.5,332,332.5,333
1683506475024294911,329,328.5,328,327.5,327,330,330.5,332,332.5,333
1683506495098920070,329,328.5,328,327.5,327,330,330.5,332,332.5,333
1683506515147070634,329,328.5,328,327.5,327,330,330.5,332,332.5,333
1683506530200036032,329,328.5,328,327.5,327,330,330.5,332,332.5,333
1683506535217706000,329,328.5,328,327.5,327,330,330.5,332,332.5,333
1683506610466125015,329,328.5,328,327.5,327,330,330.5,332,332.5,333
1683506655612623198,329,328.5,328,327.5,327,330,330.5,332,332.5,333
1683506660630412814,329,328.5,328,327.5,327,330,330.5,332,332.5,333
1683506700761310373,329,328.5,328,327.5,327,330,330.5,332,332.5,333
1683506755931983281,329,328.5,328,327.5,327,330,330.5,332,332.5,333
1683506765975511367,329,328.5,328,327.5,327,330,330.5,332,332.5,333
1683506776010733658,329,328.5,328,327.5,327,330,330.5,332,332.5,333
1683506796073476819,329,328.5,328,327.5,327,330,330.5,332,332.5,333
1683506806102486505,329,328.5,328,327.5,327,330,330.5,332,332.5,333
1683506826162979789,328.5,328,327.5,327,326.5,330,330.5,332,332.5,333
1683506836192001946,328.5,328,327.5,327,326.5,330,330.5,332,332.5,333
1683506881332368513,328.5,328,327.5,327,326.5,330,330.5,332,332.5,333
1683506886354205231,328.5,328,327.5,327,326.5,330,330.5,332,332.5,333
1683506891377909115,328,327.5,327,326.5,326,329,330,330.5,332,332.5
1683506906422686715,328,327.5,327,326.5,326,329,330,330.5,332,332.5
1683506916455991013,328,327.5,327,326.5,326,329,330,330.5,332,332.5
1683506931498635187,328,327.5,327,326.5,326,329,330,330.5,332,332.5
1683506946557767671,328,327.5,327,326.5,326,329,330,330.5,332,332.5
1683506992282904484,328,327.5,327,326.5,326,329,330,330.5,332,332.5
1683507002726051463,328,327.5,327,326.5,326,329,330,330.5,332,332.5
1683507012757268468,328,327.5,327,326.5,326,329,330,330.5,332,332.5
1683507022802745195,328.5,328,327.5,327,326.5,329,330,330.5,332,332.5
1683507057906813967,328.5,328,327.5,327,326.5,329,330,330.5,332,332.5
1683507062926779966,328.5,328,327.5,327,326.5,329,330,330.5,332,332.5
1683507067925819521,328.5,328,327.5,327,326.5,329,330,330.5,332,332.5
1683507072957774529,328.5,328,327.5,327,326.5,329,330,330.5,332,332.5
1683507103049114056,328.5,328,327.5,327,326.5,329,330,330.5,332,332.5
1683507118087844956,328.5,328,327.5,327,326.5,329,330,330.5,332,332.5
1683507148195722635,328.5,328,327.5,327,326.5,329,330,330.5,332,332.5
1683507158218882822,328.5,328,327.5,327,326.5,329,330,330.5,332,332.5
1683507173265709982,328.5,328,327.5,327,326.5,329,330,330.5,332,332.5
1683507208376996247,328.5,328,327.5,327,326.5,329,330,330.5,332,332.5
1683507253513123969,328.5,328,327.5,327,326.5,329,330,330.5,332,332.5
1683507258535025727,328.5,328,327.5,327,326.5,329,330,330.5,332,332.5
1683507283617282627,328.5,328,327.5,327,326.5,329,330,330.5,332,332.5
1683507303675666206,328.5,328,327.5,327,326.5,329,330,330.5,332,332.5
1683507338801109500,328.5,328,327.5,327,326.5,329,330,330.5,332,332.5
1683507348824022069,328.5,328,327.5,327,326.5,329,330,330.5,331.5,332
1683507353843776627,328.5,328,327.5,327,326.5,329.5,330,330.5,331.5,332
1683507373912323350,328.5,328,327.5,327,326.5,329,329.5,330,330.5,331.5
1683507388955139029,328.5,328,327.5,327,326.5,329.5,330,330.5,331.5,332
1683507393975883491,328.5,328,327.5,327,326.5,329.5,330,330.5,331,331.5
1683507404001881004,329,328.5,328,327.5,327,329.5,330,330.5,331,331.5
1683507409015439137,329,328.5,328,327.5,327,329.5,330,330.5,331,331.5
1683507434099629416,329,328.5,328,327.5,327,329.5,330,330.5,331,331.5
1683507509334735977,329,328.5,328,327.5,327,329.5,330,330.5,331,331.5
1683507519363955716,329,328.5,328,327.5,327,330,330.5,331,331.5,332
1683507529395141489,329.5,329,328.5,328,327.5,330,330.5,331,331.5,332
1683507544440970419,329.5,329,328.5,328,327.5,330,330.5,331,331.5,332
1683507559479497827,329.5,329,328.5,328,327.5,330,330.5,331,331.5,332
1683507564505444625,329.5,329,328.5,328,327.5,330,330.5,331,331.5,332
1683507569527201127,329.5,329,328.5,328,327.5,330.5,331,331.5,332,332.5
1683507574544894442,330,329.5,329,328.5,328,330.5,331,331.5,332,332.5
1683507579546197989,330,329.5,329,328.5,328,330.5,331,331.5,332,332.5
1683507584770856549,330,329.5,329,328.5,328,330.5,331,331.5,332,332.5
1683507589991096564,330,329.5,329,328.5,328,330.5,331,331.5,332,332.5
1683507595205541051,330,329.5,329,328.5,328,330.5,331,331.5,332,332.5
1683507612266485091,330,329.5,329,328.5,328,330.5,331,331.5,332,332.5
1683507612387607539,330,329.5,329,328.5,328,330.5,331,331.5,332,332.5
1683507612430783976,330,329.5,329,328.5,328,331,331.5,332,332.5,333
1683507612469478448,330,329.5,329,328.5,328,331,331.5,332,332.5,333
1683507612670588380,330,329.5,329,328.5,328,331,331.5,332,332.5,333
1683507612744769914,330,329.5,329,328.5,328,331,331.5,332,332.5,333
1683507615223892211,330.5,330,329.5,329,328.5,331,331.5,332,332.5,333
1683507615257077141,330.5,330,329.5,329,328.5,331,331.5,332,332.5,333
1683507615278812646,330.5,330,329.5,329,328.5,331.5,332,332.5,333,333.5
1683507616109195407,0,0,0,0,0,0,0,0,0,0
1683507616109260189,330.5,330,329.5,329,328.5,332,332.5,333,333.5,334
1683507616583609945,330.5,330,329.5,329,328.5,332,332.5,333,333.5,334
1683507616685037940,330.5,330,329.5,329,328.5,332.5,333,333.5,334,334.5
1683507616896286986,330.5,330,329.5,329,328.5,332.5,333,333.5,334,334.5
1683507617188396034,330.5,330,329.5,329,328.5,332.5,333,333.5,334,334.5
1683507617352403913,330.5,330,329.5,329,328.5,332.5,333,333.5,334,334.5
1683507618831198444,330.5,330,329.5,329,328.5,331,332.5,333,333.5,334
1683507618866349465,330.5,330,329.5,329,328.5,332.5,333,333.5,334,334.5
1683507618866349465,330.5,330,329.5,329,328.5,333,333.5,334,334.5,335
1683507620333939812,330.5,330,329.5,329,328.5,333,333.5,334,334.5,335
1683507621144570532,330.5,330,329.5,329,328.5,332.5,333,333.5,334,334.5
1683507622985507809,330.5,330,329.5,329,328.5,332.5,333,333.5,334,334.5
1683507623564200362,330.5,330,329.5,329,328.5,332.5,333,333.5,334,334.5
1683507623910193659,330.5,330,329.5,329,328.5,332.5,333,333.5,334,334.5
1683507623945618013,330.5,330,329.5,329,328.5,332.5,333,333.5,334,334.5
1683507624133570133,330.5,330,329.5,329,328.5,333,333.5,334,334.5,335
1683507624539141178,332.5,330.5,330,329.5,329,333,333.5,334,334.5,335
1683507624582586880,330.5,330,329.5,329,328.5,333,333.5,334,334.5,335
1683507625123739689,330.5,330,329.5,329,328.5,333,333.5,334,334.5,335
1683507625164667604,332.5,330.5,330,329.5,329,333,333.5,334,334.5,335
1683507625239332696,332.5,330.5,330,329.5,329,333,333.5,334,334.5,335
1683507625270389681,330.5,330,329.5,329,328.5,333,333.5,334,334.5,335
1683507625348726756,330.5,330,329.5,329,328.5,333,333.5,334,334.5,335
1683507625390661061,330.5,330,329.5,329,328.5,333,333.5,334,334.5,335
1683507625701882851,332.5,330.5,330,329.5,329,333,333.5,334,334.5,335
1683507625712282765,332.5,330.5,330,329.5,329,333,333.5,334,334.5,335
1683507625735675311,330.5,330,329.5,329,328.5,333,333.5,334,334.5,335
1683507625735675311,330.5,330,329.5,329,328.5,333,333.5,334,334.5,335
1683507625786214119,330.5,330,329.5,329,328.5,333,333.5,334,334.5,335
1683507625786214119,330.5,330,329.5,329,328.5,333,333.5,334,334.5,335
1683507626094505487,330.5,330,329.5,329,328.5,333,333.5,334,334.5,335
1683507626139219731,330.5,330,329.5,329,328.5,333,333.5,334,334.5,335
1683507626561797233,330.5,330,329.5,329,328.5,332,333,333.5,334,334.5
1683507627422729707,331,330.5,330,329.5,329,332,333,333.5,334,334.5
1683507627422729707,331,330.5,330,329.5,329,332,333,333.5,334,334.5
1683507627453571698,331,330.5,330,329.5,329,332,333,333.5,334,334.5
1683507627483359199,331,330.5,330,329.5,329,332,333,333.5,334,334.5
1683507627575226205,331,330.5,330,329.5,329,332,333,333.5,334,334.5
1683507627704972984,0,0,0,0,0,0,0,0,0,0
1683507627704972984,330,329.5,329,328.5,328,330.5,332,333,333.5,334
1683507627749991158,330.5,330,329.5,329,328.5,332,333,333.5,334,334.5
1683507628259306787,330.5,330,329.5,329,328.5,332,332.5,333,333.5,334
1683507628290139471,330,329.5,329,328.5,328,332,332.5,333,333.5,334
1683507628629639739,330,329.5,329,328.5,328,332,332.5,333,333.5,334
1683507628650585381,330,329.5,329,328.5,328,332,332.5,333,333.5,334
1683507628738524062,330,329.5,329,328.5,328,332,332.5,333,333.5,334
1683507629213615771,330,329.5,329,328.5,328,332,332.5,333,333.5,334
1683507629248593165,330,329.5,329,328.5,328,332,332.5,333,333.5,334
1683507630331902095,330,329.5,329,328.5,328,332,332.5,333,333.5,334
1683507630654350892,331.5,330,329.5,329,328.5,332,332.5,333,333.5,334
1683507630685185529,330,329.5,329,328.5,328,332,332.5,333,333.5,334
1683507631037881970,331,330,329.5,329,328.5,332,332.5,333,333.5,334
1683507631194038890,331,330,329.5,329,328.5,332,332.5,333,333.5,334
1683507631217903963,330,329.5,329,328.5,328,332,332.5,333,333.5,334
1683507631217903963,330,329.5,329,328.5,328,332,332.5,333,333.5,334
1683507631247309367,330,329.5,329,328.5,328,332,332.5,333,333.5,334
1683507632257125426,330,329.5,329,328.5,328,332,332.5,333,333.5,334
1683507632563153545,330,329.5,329,328.5,328,332,332.5,333,333.5,334
1683507632595037402,330,329.5,329,328.5,328,332,332.5,333,333.5,334
1683507633058757413,330,329.5,329,328.5,328,332,332.5,333,333.5,334
1683507633100748705,330,329.5,329,328.5,328,332,332.5,333,333.5,334
1683507633111178245,330,329.5,329,328.5,328,332,332.5,333,333.5,334
1683507633142960671,330,329.5,329,328.5,328,332,332.5,333,333.5,334
1683507633631326190,330.5,330,329.5,329,328.5,332,332.5,333,333.5,334
1683507633631326190,330.5,330,329.5,329,328.5,332,332.5,333,333.5,334
1683507633661223638,330.5,330,329.5,329,328.5,332,332.5,333,333.5,334
1683507634331081028,330.5,330,329.5,329,328.5,332,332.5,333,333.5,334
1683507634433801910,330.5,330,329.5,329,328.5,332,332.5,333,333.5,334
1683507634851496536,330.5,330,329.5,329,328.5,332,332.5,333,333.5,334
1683507636172465455,330.5,330,329.5,329,328.5,332,332.5,333,333.5,334
1683507637168238300,330.5,330,329.5,329,328.5,332,332.5,333,333.5,334
1683507637436356199,330.5,330,329.5,329,328.5,332,332.5,333,333.5,334
1683507639652112680,331,330.5,330,329.5,329,332,332.5,333,333.5,334
1683507639675119933,331,330.5,330,329.5,329,332,332.5,333,333.5,334
1683507639863431297,331,330.5,330,329.5,329,332,332.5,333,333.5,334
1683507639911086422,331,330.5,330,329.5,329,332,332.5,333,333.5,334
1683507639940978770,331,330.5,330,329.5,329,332,332.5,333,333.5,334
1683507641210979295,331,330.5,330,329.5,329,332,332.5,333,333.5,334
1683507641250713419,331,330.5,330,329.5,329,332,332.5,333,333.5,334
1683507641250713419,331,330.5,330,329.5,329,332,332.5,333,333.5,334
1683507643170468715,331,330.5,330,329.5,329,332,332.5,333,333.5,334
1683507643557679913,331,330.5,330,329.5,329,332.5,333,333.5,334,334.5
1683507643592784726,331,330.5,330,329.5,329,332.5,333,333.5,334,334.5
1683507643625985696,331,330.5,330,329.5,329,332.5,333,333.5,334,334.5
1683507643992098344,331,330.5,330,329.5,329,332.5,333,333.5,334,334.5
1683507644442507155,331,330.5,330,329.5,329,332.5,333,333.5,334,334.5
1683507644639063439,331,330.5,330,329.5,329,332.5,333,333.5,334,334.5
1683507644799269410,331,330.5,330,329.5,329,332.5,333,333.5,334,334.5
1683507646713002099,332,331,330.5,330,329.5,332.5,333,333.5,334,334.5
1683507646735495147,332,331,330.5,330,329.5,332.5,333,333.5,334,334.5
1683507646735604853,332,331,330.5,330,329.5,332.5,333,333.5,334,334.5
1683507646757404378,332,331,330.5,330,329.5,332.5,333,333.5,334,334.5
1683507646777537985,332,331,330.5,330,329.5,332.5,333,333.5,334,334.5
1683507646800552011,332,331,330.5,330,329.5,332.5,333,333.5,334,334.5
1683507647188961067,332,331,330.5,330,329.5,332.5,333,333.5,334,334.5
1683507647356478294,332,331,330.5,330,329.5,332.5,333,333.5,334,334.5
1683507647531410802,332,331,330.5,330,329.5,332.5,333,333.5,334,334.5
1683507648187586608,331,330.5,330,329.5,329,332.5,333,333.5,334,334.5
1683507648221102849,331,330.5,330,329.5,329,332.5,333,333.5,334,334.5
1683507648221157181,331,330.5,330,329.5,329,332.5,333,333.5,334,334.5
1683507648241879725,331,330.5,330,329.5,329,332.5,333,333.5,334,334.5
1683507648241985012,331,330.5,330,329.5,329,332.5,333,333.5,334,334.5
1683507648241985012,331,330.5,330,329.5,329,332.5,333,333.5,334,334.5
1683507648241985012,331,330.5,330,329.5,329,332.5,333,333.5,334,334.5
1683507648348337562,332,331,330.5,330,329.5,332.5,333,333.5,334,334.5
1683507648382283651,332,331,330.5,330,329.5,332.5,333,333.5,334,334.5
1683507648382283651,331,330.5,330,329.5,329,332.5,333,333.5,334,334.5
1683507648404982424,331,330.5,330,329.5,329,332.5,333,333.5,334,334.5
1683507648404997172,331,330.5,330,329.5,329,332.5,333,333.5,334,334.5
1683507648427105106,331,330.5,330,329.5,329,332.5,333,333.5,334,334.5
1683507649791399022,332,331,330.5,330,329.5,332.5,333,333.5,334,334.5
1683507649824892801,332,331,330.5,330,329.5,332.5,333,333.5,334,334.5
1683507649824892801,331,330.5,330,329.5,329,332.5,333,333.5,334,334.5
1683507649857689061,331,330.5,330,329.5,329,332.5,333,333.5,334,334.5
1683507649857689061,331,330.5,330,329.5,329,332.5,333,333.5,334,334.5
1683507649880659574,331,330.5,330,329.5,329,332.5,333,333.5,334,334.5
1683507650159022416,331,330.5,330,329.5,329,332.5,333,333.5,334,334.5
1683507650326498466,331,330.5,330,329.5,329,332.5,333,333.5,334,334.5
1683507651111087347,332,331,330.5,330,329.5,332.5,333,333.5,334,334.5
1683507651132356116,332,331,330.5,330,329.5,332.5,333,333.5,334,334.5
1683507651143466023,331,330.5,330,329.5,329,332.5,333,333.5,334,334.5
1683507651168104247,331,330.5,330,329.5,329,332.5,333,333.5,334,334.5
1683507651176929515,331,330.5,330,329.5,329,332.5,333,333.5,334,334.5
1683507651199571051,331,330.5,330,329.5,329,332.5,333,333.5,334,334.5
1683507651647735319,331,330.5,330,329.5,329,332.5,333,333.5,334,334.5
1683507651647735319,331,330.5,330,329.5,329,332.5,333,333.5,334,334.5
1683507652343655659,331,330.5,330,329.5,329,332.5,333,333.5,334,334.5
1683507653547895839,331,330.5,330,329.5,329,332,332.5,333,333.5,334
1683507653568238729,331,330.5,330,329.5,329,332,332.5,333,333.5,334
1683507653568261823,331,330.5,330,329.5,329,332,332.5,333,333.5,334
1683507653592093012,331,330.5,330,329.5,329,332,332.5,333,333.5,334
1683507653856577941,331,330.5,330,329.5,329,332,332.5,333,333.5,334
1683507654330492159,331,330.5,330,329.5,329,332,332.5,333,333.5,334
1683507654430715643,331,330.5,330,329.5,329,332,332.5,333,333.5,334
1683507656232223860,331,330.5,330,329.5,329,332,332.5,333,333.5,334
1683507656718213498,331,330.5,330,329.5,329,332,332.5,333,333.5,334
1683507657081112704,331,330.5,330,329.5,329,332,332.5,333,333.5,334
1683507658204294730,331,330.5,330,329.5,329,332,332.5,333,333.5,334
1683507658392206385,331,330.5,330,329.5,329,332,332.5,333,333.5,334
1683507658835647325,331,330.5,330,329.5,329,332,332.5,333,333.5,334
1683507658930570789,331,330.5,330,329.5,329,332,332.5,333,333.5,334
1683507659557018795,331,330.5,330,329.5,329,332,332.5,333,333.5,334
1683507659705620091,331,330.5,330,329.5,329,332,332.5,333,333.5,334
1683507660693976243,331,330.5,330,329.5,329,332,332.5,333,333.5,334
1683507660856646310,331,330.5,330,329.5,329,332,332.5,333,333.5,334
1683507661030808232,331,330.5,330,329.5,329,332,332.5,333,333.5,334
1683507661149149629,331,330.5,330,329.5,329,332,332.5,333,333.5,334
1683507664113138178,331,330.5,330,329.5,329,332,332.5,333,333.5,334
1683507664113253495,331,330.5,330,329.5,329,332,332.5,333,333.5,334
1683507664113253495,331,330.5,330,329.5,329,332,332.5,333,333.5,334
1683507664137111535,331,330.5,330,329.5,329,332,332.5,333,333.5,334
1683507664137111535,331,330.5,330,329.5,329,332,332.5,333,333.5,334
1683507664326306108,331,330.5,330,329.5,329,332,332.5,333,333.5,334
1683507664449034511,331,330.5,330,329.5,329,332,332.5,333,333.5,334
1683507664639160622,331,330.5,330,329.5,329,332,332.5,333,333.5,334
1683507667405165339,331,330.5,330,329.5,329,332,332.5,333,333.5,334
1683507671451958723,331,330.5,330,329.5,329,332,332.5,333,333.5,334
1683507674204791502,331,330.5,330,329.5,329,331.5,332,332.5,333,333.5
1683507674230209641,331,330.5,330,329.5,329,331.5,332,332.5,333,333.5
1683507674230209641,331,330.5,330,329.5,329,331.5,332,332.5,333,333.5
1683507674261413080,331,330.5,330,329.5,329,331.5,332,332.5,333,333.5
1683507675365496362,331,330.5,330,329.5,329,331.5,332,332.5,333,333.5
1683507675468382765,331,330.5,330,329.5,329,331.5,332,332.5,333,333.5
1683507675497169628,331,330.5,330,329.5,329,332,332.5,333,333.5,334
1683507675519562176,331,330.5,330,329.5,329,332,332.5,333,333.5,334
1683507675519562176,331,330.5,330,329.5,329,332,332.5,333,333.5,334
1683507675540248381,331,330.5,330,329.5,329,332,332.5,333,333.5,334
1683507675849544305,331,330.5,330,329.5,329,332,332.5,333,333.5,334
1683507676073937368,331.5,331,330.5,330,329.5,332,332.5,333,333.5,334
1683507676073937368,331.5,331,330.5,330,329.5,332,332.5,333,333.5,334
1683507676096158715,331.5,331,330.5,330,329.5,332,332.5,333,333.5,334
1683507676129654017,331.5,331,330.5,330,329.5,332,332.5,333,333.5,334
1683507676656881053,331.5,331,330.5,330,329.5,332,332.5,333,333.5,334
1683507676657039540,331.5,331,330.5,330,329.5,332,332.5,333,333.5,334
1683507676677169501,331.5,331,330.5,330,329.5,332,332.5,333,333.5,334
1683507676732865972,331.5,331,330.5,330,329.5,332,332.5,333,333.5,334
1683507676732865972,331.5,331,330.5,330,329.5,332,332.5,333,333.5,334
1683507678223872712,331.5,331,330.5,330,329.5,332,332.5,333,333.5,334
1683507678527165276,331.5,331,330.5,330,329.5,332,332.5,333,333.5,334
1683507681611413906,331.5,331,330.5,330,329.5,332,332.5,333,333.5,334
1683507684345548482,331.5,331,330.5,330,329.5,332,332.5,333,333.5,334
1683507685017582630,331.5,331,330.5,330,329.5,332,332.5,333,333.5,334
1683507685199235455,331.5,331,330.5,330,329.5,332,332.5,333,333.5,334
1683507685849765793,331.5,331,330.5,330,329.5,332,332.5,333,333.5,334
1683507689329490597,331.5,331,330.5,330,329.5,332,332.5,333,333.5,334
1683507689835172525,331.5,331,330.5,330,329.5,332,332.5,333,333.5,334
1683507691724924447,331.5,331,330.5,330,329.5,332,332.5,333,333.5,334
1683507692029953601,331.5,331,330.5,330,329.5,332,332.5,333,333.5,334
1683507694399233060,331.5,331,330.5,330,329.5,332,332.5,333,333.5,334
1683507697993239731,331.5,331,330.5,330,329.5,332,332.5,333,333.5,334
1683507698013820558,331.5,331,330.5,330,329.5,332,332.5,333,333.5,334
1683507700137637250,331.5,331,330.5,330,329.5,332,332.5,333,333.5,334
1683507700521543233,331.5,331,330.5,330,329.5,332,332.5,333,333.5,334
1683507700735630989,331.5,331,330.5,330,329.5,332,332.5,333,333.5,334
1683507700944592792,331.5,331,330.5,330,329.5,332,332.5,333,333.5,334
1683507701700986682,331.5,331,330.5,330,329.5,332,332.5,333,333.5,334
1683507701864291111,331.5,331,330.5,330,329.5,332,332.5,333,333.5,334
1683507701898307721,331.5,331,330.5,330,329.5,332,332.5,333,333.5,334
1683507702674129725,331.5,331,330.5,330,329.5,332,332.5,333,333.5,334
1683507703701247447,331.5,331,330.5,330,329.5,332,332.5,333,333.5,334
1683507703733990437,331.5,331,330.5,330,329.5,332.5,333,333.5,334,334.5
1683507703768875047,331.5,331,330.5,330,329.5,332.5,333,333.5,334,334.5
1683507703779159314,331.5,331,330.5,330,329.5,332.5,333,333.5,334,334.5
1683507703803276160,331.5,331,330.5,330,329.5,332.5,333,333.5,334,334.5
1683507704530977925,331.5,331,330.5,330,329.5,332.5,333,333.5,334,334.5
1683507705190453387,332,331.5,331,330.5,330,332.5,333,333.5,334,334.5
1683507705222997934,332,331.5,331,330.5,330,332.5,333,333.5,334,334.5
1683507705257378679,332,331.5,331,330.5,330,332.5,333,333.5,334,334.5
1683507705322477331,332,331.5,331,330.5,330,332.5,333,333.5,334,334.5
1683507705475938390,332,331.5,331,330.5,330,332.5,333,333.5,334,334.5
1683507705752145566,332,331.5,331,330.5,330,332.5,333,333.5,334,334.5
1683507706661428171,332,331.5,331,330.5,330,332.5,333,333.5,334,334.5
1683507706692431424,331.5,331,330.5,330,329.5,332.5,333,333.5,334,334.5
1683507706723805103,331.5,331,330.5,330,329.5,332.5,333,333.5,334,334.5
1683507706756841584,331.5,331,330.5,330,329.5,332.5,333,333.5,334,334.5
1683507706789522568,332,331.5,331,330.5,330,332.5,333,333.5,334,334.5
1683507706819245207,332,331.5,331,330.5,330,332.5,333,333.5,334,334.5
1683507706851042963,332,331.5,331,330.5,330,332.5,333,333.5,334,334.5
1683507707715971059,0,0,0,0,0,0,0,0,0,0
1683507707715971059,332,331.5,331,330.5,330,333,333.5,334,334.5,335
1683507707746196573,332,331.5,331,330.5,330,333,333.5,334,334.5,335
1683507707746406607,332,331.5,331,330.5,330,333,333.5,334,334.5,335
1683507707779221261,332,331.5,331,330.5,330,333,333.5,334,334.5,335
1683507708996313721,332,331.5,331,330.5,330,333,333.5,334,334.5,335
1683507709019987375,332,331.5,331,330.5,330,333,333.5,334,334.5,335
1683507709289482199,332,331.5,331,330.5,330,333,333.5,334,334.5,335
1683507709461566209,332,331.5,331,330.5,330,333,333.5,334,334.5,335
1683507712454443486,332,331.5,331,330.5,330,333,333.5,334,334.5,335
1683507712578244864,332,331.5,331,330.5,330,333,333.5,334,334.5,335
1683507713840007144,332,331.5,331,330.5,330,333,333.5,334,334.5,335
1683507713872135129,332,331.5,331,330.5,330,333,333.5,334,334.5,335
1683507713882164929,332,331.5,331,330.5,330,333,333.5,334,334.5,335
1683507715113191468,332,331.5,331,330.5,330,333,333.5,334,334.5,335
1683507715833073493,332,331.5,331,330.5,330,333,333.5,334,334.5,335
1683507716359060561,332,331.5,331,330.5,330,333,333.5,334,334.5,335
1683507716402216469,332,331.5,331,330.5,330,333,333.5,334,334.5,335
1683507716695078712,332,331.5,331,330.5,330,333,333.5,334,334.5,335
1683507717457906682,332,331.5,331,330.5,330,333,333.5,334,334.5,335
1683507717731369035,332,331.5,331,330.5,330,333,333.5,334,334.5,335
1683507720666119929,332,331.5,331,330.5,330,333,333.5,334,334.5,335
1683507720992917089,332,331.5,331,330.5,330,332.5,333,333.5,334,334.5
1683507721027940791,332,331.5,331,330.5,330,332.5,333,333.5,334,334.5
1683507721050295949,332,331.5,331,330.5,330,332.5,333,333.5,334,334.5
1683507721265013788,332,331.5,331,330.5,330,332.5,333,333.5,334,334.5
1683507721466255377,332,331.5,331,330.5,330,332.5,333,333.5,334,334.5
1683507721492144230,332,331.5,331,330.5,330,332.5,333,333.5,334,334.5
1683507721794382875,332,331.5,331,330.5,330,332.5,333,333.5,334,334.5
1683507723143366651,332,331.5,331,330.5,330,332.5,333,333.5,334,334.5
1683507723894650318,332,331.5,331,330.5,330,332.5,333,333.5,334,334.5
1683507724011697315,332,331.5,331,330.5,330,332.5,333,333.5,334,334.5
1683507724022108771,332,331.5,331,330.5,330,333,333.5,334,334.5,335
1683507724056725969,332,331.5,331,330.5,330,333,333.5,334,334.5,335
1683507724078977794,332,331.5,331,330.5,330,333,333.5,334,334.5,335
1683507724089510367,332,331.5,331,330.5,330,332.5,333,333.5,334,334.5
1683507724123438311,332,331.5,331,330.5,330,332.5,333,333.5,334,334.5
1683507724158719226,332,331.5,331,330.5,330,332.5,333,333.5,334,334.5
1683507724761622943,332,331.5,331,330.5,330,332.5,333,333.5,334,334.5
1683507724769875115,332,331.5,331,330.5,330,332.5,333,333.5,334,334.5
1683507725153898739,332,331.5,331,330.5,330,332.5,333,333.5,334,334.5
1683507726574276596,332,331.5,331,330.5,330,332.5,333,333.5,334,334.5
1683507726673811517,332,331.5,331,330.5,330,332.5,333,333.5,334,334.5
1683507726728170658,332,331.5,331,330.5,330,332.5,333,333.5,334,334.5
1683507726728170658,332,331.5,331,330.5,330,332.5,333,333.5,334,334.5
1683507726728170658,332,331.5,331,330.5,330,332.5,333,333.5,334,334.5
1683507726929537743,332,331.5,331,330.5,330,332.5,333,333.5,334,334.5
1683507727725457608,332,331.5,331,330.5,330,332.5,333,333.5,334,334.5
1683507729054813665,332,331.5,331,330.5,330,333,333.5,334,334.5,335
1683507729087685086,332,331.5,331,330.5,330,333,333.5,334,334.5,335
1683507729122744735,332,331.5,331,330.5,330,333,333.5,334,334.5,335
1683507729224448788,332.5,332,331.5,331,330.5,333,333.5,334,334.5,335
1683507729257545933,332.5,332,331.5,331,330.5,333,333.5,334,334.5,335
1683507729257735629,332,331.5,331,330.5,330,333,333.5,334,334.5,335
1683507729280236541,332,331.5,331,330.5,330,333,333.5,334,334.5,335
1683507729280236541,332,331.5,331,330.5,330,333,333.5,334,334.5,335
1683507729303797183,332,331.5,331,330.5,330,333,333.5,334,334.5,335
1683507729725406458,332.5,332,331.5,331,330.5,333,333.5,334,334.5,335
1683507729745921031,332.5,332,331.5,331,330.5,333,333.5,334,334.5,335
1683507729768332695,332.5,332,331.5,331,330.5,333,333.5,334,334.5,335
1683507733100857628,332.5,332,331.5,331,330.5,333,333.5,334,334.5,335
1683507733386206416,332.5,332,331.5,331,330.5,333,333.5,334,334.5,335
1683507733732566292,332.5,332,331.5,331,330.5,333,333.5,334,334.5,335
1683507733732566292,332.5,332,331.5,331,330.5,333,333.5,334,334.5,335
1683507734788347376,332.5,332,331.5,331,330.5,333,333.5,334,334.5,335
1683507737668864265,332.5,332,331.5,331,330.5,333,333.5,334,334.5,335
1683507738840382257,332.5,332,331.5,331,330.5,333,333.5,334,334.5,335
1683507738930389792,332.5,332,331.5,331,330.5,333,333.5,334,334.5,335
1683507743095455240,332.5,332,331.5,331,330.5,333,333.5,334,334.5,335
1683507743233235401,332.5,332,331.5,331,330.5,333,333.5,334,334.5,335
1683507744786488861,332.5,332,331.5,331,330.5,333,333.5,334,334.5,335
1683507745608959832,332.5,332,331.5,331,330.5,333,333.5,334,334.5,335
1683507750858038837,332.5,332,331.5,331,330.5,333,333.5,334,334.5,335
1683507751696665748,332.5,332,331.5,331,330.5,333,333.5,334,334.5,335
1683507752332592511,332.5,332,331.5,331,330.5,333,333.5,334,334.5,335
1683507754908903983,332.5,332,331.5,331,330.5,333,333.5,334,334.5,335
1683507755166801676,332.5,332,331.5,331,330.5,333,333.5,334,334.5,335
1683507755762963817,332.5,332,331.5,331,330.5,333,333.5,334,334.5,335
1683507756894418456,332.5,332,331.5,331,330.5,333,333.5,334,334.5,335
1683507757419720449,332.5,332,331.5,331,330.5,333,333.5,334,334.5,335
1683507758756107757,332.5,332,331.5,331,330.5,333,333.5,334,334.5,335
1683507759048030787,333,332.5,332,331.5,331,333.5,334,334.5,335,335.5
1683507759067273572,333,332.5,332,331.5,331,333.5,334,334.5,335,335.5
1683507759089011081,333,332.5,332,331.5,331,333.5,334,334.5,335,335.5
1683507759276555046,333,332.5,332,331.5,331,333.5,334,334.5,335,335.5
1683507759781727288,333,332.5,332,331.5,331,333.5,334,334.5,335,335.5
1683507759843736631,333,332.5,332,331.5,331,333.5,334,334.5,335,335.5
1683507759843736631,333,332.5,332,331.5,331,333.5,334,334.5,335,335.5
1683507759843736631,333,332.5,332,331.5,331,333.5,334,334.5,335,335.5
1683507760055427838,333,332.5,332,331.5,331,333.5,334,334.5,335,335.5
1683507760389532126,333,332.5,332,331.5,331,333.5,334,334.5,335,335.5
1683507760434552685,333,332.5,332,331.5,331,333.5,334,334.5,335,335.5
1683507760879069446,333,332.5,332,331.5,331,333.5,334,334.5,335,335.5
1683507761856936208,333,332.5,332,331.5,331,333.5,334,334.5,335,335.5
1683507763995714982,333,332.5,332,331.5,331,333.5,334,334.5,335,335.5
1683507765207554532,333,332.5,332,331.5,331,333.5,334,334.5,335,335.5
1683507765431860150,333,332.5,332,331.5,331,333.5,334,334.5,335,335.5
1683507765697580328,333,332.5,332,331.5,331,333.5,334,334.5,335,335.5
1683507765849673440,333,332.5,332,331.5,331,333.5,334,334.5,335,335.5
1683507765913791591,333,332.5,332,331.5,331,333.5,334,334.5,335,335.5
1683507766672941096,333,332.5,332,331.5,331,333.5,334,334.5,335,335.5
1683507767256356257,333,332.5,332,331.5,331,333.5,334,334.5,335,335.5
1683507767835092334,333,332.5,332,331.5,331,334,334.5,335,335.5,336
1683507767867745595,333,332.5,332,331.5,331,334,334.5,335,335.5,336
1683507767898607033,333,332.5,332,331.5,331,334,334.5,335,335.5,336
1683507768085026917,333,332.5,332,331.5,331,333.5,334,334.5,335,335.5
1683507768106184808,333,332.5,332,331.5,331,333.5,334,334.5,335,335.5
1683507768127536302,333,332.5,332,331.5,331,333.5,334,334.5,335,335.5
1683507768881634223,333,332.5,332,331.5,331,333.5,334,334.5,335,335.5
1683507770672569535,333,332.5,332,331.5,331,333.5,334,334.5,335,335.5
1683507770772095139,333,332.5,332,331.5,331,334,334.5,335,335.5,336
1683507770806661171,333,332.5,332,331.5,331,334,334.5,335,335.5,336
1683507770828854125,333,332.5,332,331.5,331,334,334.5,335,335.5,336
1683507772838389554,333,332.5,332,331.5,331,334,334.5,335,335.5,336
1683507773912622299,333.5,333,332.5,332,331.5,334,334.5,335,335.5,336
1683507773946208812,333.5,333,332.5,332,331.5,334,334.5,335,335.5,336
1683507774815723270,333.5,333,332.5,332,331.5,334,334.5,335,335.5,336
1683507774891514356,333.5,333,332.5,332,331.5,334,334.5,335,335.5,336
1683507775809008509,333.5,333,332.5,332,331.5,334,334.5,335,335.5,336
1683507776320381902,333.5,333,332.5,332,331.5,334,334.5,335,335.5,336
1683507776364533150,333.5,333,332.5,332,331.5,334,334.5,335,335.5,336
1683507776638431241,333.5,333,332.5,332,331.5,334,334.5,335,335.5,336
1683507777286137819,333.5,333,332.5,332,331.5,334,334.5,335,335.5,336
1683507777307162830,333.5,333,332.5,332,331.5,334,334.5,335,335.5,336
1683507777711714002,333.5,333,332.5,332,331.5,334,334.5,335,335.5,336
1683507777926625194,333.5,333,332.5,332,331.5,334,334.5,335,335.5,336
1683507777961537887,333,332.5,332,331.5,331,334,334.5,335,335.5,336
1683507779693654326,333,332.5,332,331.5,331,334,334.5,335,335.5,336
1683507779725094590,333,332.5,332,331.5,331,334,334.5,335,335.5,336
1683507780027889450,333,332.5,332,331.5,331,334,334.5,335,335.5,336
1683507780119205893,333,332.5,332,331.5,331,334,334.5,335,335.5,336
1683507780210334272,333,332.5,332,331.5,331,334,334.5,335,335.5,336
1683507780684396150,333,332.5,332,331.5,331,334,334.5,335,335.5,336
1683507780844885313,333.5,333,332.5,332,331.5,334,334.5,335,335.5,336
1683507780865647932,333.5,333,332.5,332,331.5,334,334.5,335,335.5,336
1683507780865647932,333,332.5,332,331.5,331,334,334.5,335,335.5,336
1683507781438630978,333,332.5,332,331.5,331,334,334.5,335,335.5,336
1683507781469593806,333,332.5,332,331.5,331,334,334.5,335,335.5,336
1683507781470216305,333,332.5,332,331.5,331,334,334.5,335,335.5,336
1683507781492747203,333,332.5,332,331.5,331,334,334.5,335,335.5,336
1683507782419123831,333,332.5,332,331.5,331,333.5,334,334.5,335,335.5
1683507782441926980,333,332.5,332,331.5,331,333.5,334,334.5,335,335.5
1683507782464015157,333,332.5,332,331.5,331,333.5,334,334.5,335,335.5
1683507784231764662,333,332.5,332,331.5,331,333.5,334,334.5,335,335.5
1683507784231764662,333,332.5,332,331.5,331,334,334.5,335,335.5,336
1683507784254702865,333,332.5,332,331.5,331,334,334.5,335,335.5,336
1683507784286982545,333,332.5,332,331.5,331,334,334.5,335,335.5,336
1683507784286982545,333,332.5,332,331.5,331,334,334.5,335,335.5,336
1683507784450835113,333,332.5,332,331.5,331,334,334.5,335,335.5,336
1683507788189899685,333,332.5,332,331.5,331,334,334.5,335,335.5,336
1683507788400068825,333.5,333,332.5,332,331.5,334,334.5,335,335.5,336
1683507788430996126,333.5,333,332.5,332,331.5,334,334.5,335,335.5,336
1683507788521101404,333.5,333,332.5,332,331.5,334,334.5,335,335.5,336
1683507788689235089,333.5,333,332.5,332,331.5,334,334.5,335,335.5,336
1683507788771186771,333.5,333,332.5,332,331.5,334,334.5,335,335.5,336
1683507788846887277,333.5,333,332.5,332,331.5,334,334.5,335,335.5,336
1683507788846887277,333.5,333,332.5,332,331.5,334,334.5,335,335.5,336
1683507788847103573,333.5,333,332.5,332,331.5,334,334.5,335,335.5,336
1683507791264149340,333.5,333,332.5,332,331.5,334,334.5,335,335.5,336
1683507791656757211,333.5,333,332.5,332,331.5,334,334.5,335,335.5,336
1683507792476249780,333.5,333,332.5,332,331.5,334,334.5,335,335.5,336
1683507793334812679,333.5,333,332.5,332,331.5,334,334.5,335,335.5,336
1683507794059085158,333.5,333,332.5,332,331.5,334,334.5,335,335.5,336
1683507794596542491,333.5,333,332.5,332,331.5,334,334.5,335,335.5,336
1683507794641528134,333.5,333,332.5,332,331.5,334,334.5,335,335.5,336
1683507794684536345,333.5,333,332.5,332,331.5,334,334.5,335,335.5,336
1683507795563976438,333.5,333,332.5,332,331.5,334,334.5,335,335.5,336
1683507795668055880,333.5,333,332.5,332,331.5,334,334.5,335,335.5,336
1683507795787894930,333.5,333,332.5,332,331.5,334,334.5,335,335.5,336
1683507795911998144,333.5,333,332.5,332,331.5,334,334.5,335,335.5,336
1683507796121079402,333.5,333,332.5,332,331.5,334,334.5,335,335.5,336
1683507796390680476,333.5,333,332.5,332,331.5,334,334.5,335,335.5,336
1683507796424470491,333.5,333,332.5,332,331.5,334,334.5,335,335.5,336
1683507796457194937,333.5,333,332.5,332,331.5,334.5,335,335.5,336,336.5
1683507796457194937,333.5,333,332.5,332,331.5,334.5,335,335.5,336,336.5
1683507797969127064,333.5,333,332.5,332,331.5,334.5,335,335.5,336,336.5
1683507798003508891,333.5,333,332.5,332,331.5,334.5,335,335.5,336,336.5
1683507798304680484,333.5,333,332.5,332,331.5,334.5,335,335.5,336,336.5
1683507798316750223,333.5,333,332.5,332,331.5,334.5,335,335.5,336,336.5
1683507798540687280,333.5,333,332.5,332,331.5,334.5,335,335.5,336,336.5
1683507798814380516,334,333.5,333,332.5,332,334.5,335,335.5,336,336.5
1683507798847125710,334,333.5,333,332.5,332,334.5,335,335.5,336,336.5
1683507799479956762,334,333.5,333,332.5,332,334.5,335,335.5,336,336.5
1683507799480004592,334,333.5,333,332.5,332,334.5,335,335.5,336,336.5
1683507800074613638,334,333.5,333,332.5,332,334.5,335,335.5,336,336.5
1683507800242412735,334,333.5,333,332.5,332,334.5,335,335.5,336,336.5
1683507800716061737,334,333.5,333,332.5,332,334.5,335,335.5,336,336.5
1683507800738873834,334,333.5,333,332.5,332,334.5,335,335.5,336,336.5
1683507801081525158,334,333.5,333,332.5,332,334.5,335,335.5,336,336.5
1683507801205673848,334,333.5,333,332.5,332,334.5,335,335.5,336,336.5
1683507801763721145,334,333.5,333,332.5,332,334.5,335,335.5,336,336.5
1683507801880523804,334,333.5,333,332.5,332,334.5,335,335.5,336,336.5
1683507801880523804,334,333.5,333,332.5,332,334.5,335,335.5,336,336.5
1683507801931633585,334,333.5,333,332.5,332,334.5,335,335.5,336,336.5
1683507802386271918,334,333.5,333,332.5,332,334.5,335,335.5,336,336.5
1683507802929833611,334,333.5,333,332.5,332,334.5,335,335.5,336,336.5
1683507803050963733,334,333.5,333,332.5,332,334.5,335,335.5,336,336.5
1683507804282576095,334,333.5,333,332.5,332,334.5,335,335.5,336,336.5
1683507804489450449,334,333.5,333,332.5,332,334.5,335,335.5,336,336.5
1683507806175076931,334,333.5,333,332.5,332,334.5,335,335.5,336,336.5
1683507807585472260,334,333.5,333,332.5,332,334.5,335,335.5,336,336.5
1683507807892725961,334,333.5,333,332.5,332,334.5,335,335.5,336,336.5
1683507807972371182,334,333.5,333,332.5,332,334.5,335,335.5,336,336.5
1683507808083698121,334,333.5,333,332.5,332,334.5,335,335.5,336,336.5
1683507808352185485,334,333.5,333,332.5,332,335,335.5,336,336.5,337
1683507808374695624,334,333.5,333,332.5,332,335,335.5,336,336.5,337
1683507808407694955,334,333.5,333,332.5,332,335,335.5,336,336.5,337
1683507808407750740,334,333.5,333,332.5,332,335,335.5,336,336.5,337
1683507808789224458,334,333.5,333,332.5,332,335,335.5,336,336.5,337
1683507809838840750,334.5,334,333.5,333,332.5,335,335.5,336,336.5,337
1683507809870885038,334.5,334,333.5,333,332.5,335,335.5,336,336.5,337
1683507810128670690,334.5,334,333.5,333,332.5,335,335.5,336,336.5,337
1683507810159732143,334.5,334,333.5,333,332.5,335,335.5,336,336.5,337
1683507810169718191,334.5,334,333.5,333,332.5,335,335.5,336,336.5,337
1683507810360094312,334.5,334,333.5,333,332.5,335,335.5,336,336.5,337
1683507810903907487,334.5,334,333.5,333,332.5,335,335.5,336,336.5,337
1683507810903932835,334.5,334,333.5,333,332.5,335,335.5,336,336.5,337
1683507811124967804,334.5,334,333.5,333,332.5,335,335.5,336,336.5,337
1683507811155741977,334.5,334,333.5,333,332.5,335,335.5,336,336.5,337
1683507812295530704,334.5,334,333.5,333,332.5,335,335.5,336,336.5,337
1683507813306198296,334.5,334,333.5,333,332.5,335,335.5,336,336.5,337
1683507813944164138,334.5,334,333.5,333,332.5,335,335.5,336,336.5,337
1683507814274850190,334.5,334,333.5,333,332.5,335,335.5,336,336.5,337
1683507814585154849,334.5,334,333.5,333,332.5,335,335.5,336,336.5,337
1683507814616679722,334.5,334,333.5,333,332.5,335,335.5,336,336.5,337
1683507814967088149,334.5,334,333.5,333,332.5,335,335.5,336,336.5,337
1683507815034830134,334.5,334,333.5,333,332.5,335,335.5,336,336.5,337
1683507815524569875,334.5,334,333.5,333,332.5,335,335.5,336,336.5,337
1683507816207235834,334.5,334,333.5,333,332.5,335,335.5,336,336.5,337
1683507816393815709,334.5,334,333.5,333,332.5,335,335.5,336,336.5,337
1683507816427414265,334.5,334,333.5,333,332.5,335,335.5,336,336.5,337
1683507816528487845,334.5,334,333.5,333,332.5,335,335.5,336,336.5,337
1683507816549161587,334.5,334,333.5,333,332.5,335,335.5,336,336.5,337
1683507817340899031,334.5,334,333.5,333,332.5,335,335.5,336,336.5,337
1683507817688212449,334.5,334,333.5,333,332.5,335,335.5,336,336.5,337
1683507817698641828,334.5,334,333.5,333,332.5,335,335.5,336,336.5,337
1683507817698641828,334.5,334,333.5,333,332.5,335.5,336,336.5,337,337.5
1683507817698641828,334.5,334,333.5,333,332.5,335.5,336,336.5,337,337.5
1683507817698641828,335,334.5,334,333.5,333,335.5,336,336.5,337,337.5
1683507817718676109,335,334.5,334,333.5,333,335.5,336,336.5,337,337.5
1683507817718676109,335,334.5,334,333.5,333,335.5,336,336.5,337,337.5
1683507817919818814,334.5,334,333.5,333,332.5,335.5,336,336.5,337,337.5
1683507818366212478,334.5,334,333.5,333,332.5,335.5,336,336.5,337,337.5
1683507818386865211,334.5,334,333.5,333,332.5,335.5,336,336.5,337,337.5
1683507821017279957,334.5,334,333.5,333,332.5,335.5,336,336.5,337,337.5
1683507821308265958,335,334.5,334,333.5,333,335.5,336,336.5,337,337.5
1683507821344042734,335,334.5,334,333.5,333,335.5,336,336.5,337,337.5
1683507821344131140,335,334.5,334,333.5,333,335.5,336,336.5,337,337.5
1683507821364449604,335,334.5,334,333.5,333,335.5,336,336.5,337,337.5
1683507821489110015,335,334.5,334,333.5,333,335.5,336,336.5,337,337.5
1683507822148667863,335,334.5,334,333.5,333,335.5,336,336.5,337,337.5
1683507822262110013,335,334.5,334,333.5,333,335.5,336,336.5,337,337.5
1683507822776281560,335,334.5,334,333.5,333,335.5,336,336.5,337,337.5
1683507822853184734,335,334.5,334,333.5,333,335.5,336,336.5,337,337.5
1683507822978492560,335,334.5,334,333.5,333,335.5,336,336.5,337,337.5
1683507823009111242,335,334.5,334,333.5,333,335.5,336,336.5,337,337.5
1683507823525921183,335,334.5,334,333.5,333,335.5,336,336.5,337,337.5
1683507823911071493,335,334.5,334,333.5,333,335.5,336,336.5,337,337.5
1683507824010805718,335,334.5,334,333.5,333,335.5,336,336.5,337,337.5
1683507824168464939,335,334.5,334,333.5,333,335.5,336,336.5,337,337.5
1683507824202655306,335,334.5,334,333.5,333,335.5,336,336.5,337,337.5
1683507824236505675,334.5,334,333.5,333,332.5,335.5,336,336.5,337,337.5
1683507824361170524,335,334.5,334,333.5,333,335.5,336,336.5,337,337.5
1683507824652154461,335,334.5,334,333.5,333,335.5,336,336.5,337,337.5
1683507824859092456,335,334.5,334,333.5,333,335.5,336,336.5,337,337.5
1683507824942651445,335,334.5,334,333.5,333,335.5,336,336.5,337,337.5
1683507824942651445,335,334.5,334,333.5,333,335.5,336,336.5,337,337.5
1683507825714989510,335,334.5,334,333.5,333,335.5,336,336.5,337,337.5
1683507825748112122,335,334.5,334,333.5,333,335.5,336,336.5,337,337.5
1683507825838193687,335,334.5,334,333.5,333,335.5,336,336.5,337,337.5
1683507826461025457,335,334.5,334,333.5,333,335.5,336,336.5,337,337.5
1683507826592974040,335,334.5,334,333.5,333,335.5,336,336.5,337,337.5
1683507826793138037,335,334.5,334,333.5,333,335.5,336,336.5,337,337.5
1683507827508155552,335,334.5,334,333.5,333,335.5,336,336.5,337,337.5
1683507827553232857,335,334.5,334,333.5,333,335.5,336,336.5,337,337.5
1683507827995912961,335,334.5,334,333.5,333,335.5,336,336.5,337,337.5
1683507828939474632,335,334.5,334,333.5,333,335.5,336,336.5,337,337.5
1683507829038815980,0,0,0,0,0,0,0,0,0,0
1683507829038815980,335,334.5,334,333.5,333,336,336.5,337,337.5,338
1683507829517663282,335,334.5,334,333.5,333,336,336.5,337,337.5,338
1683507829552271403,335,334.5,334,333.5,333,336,336.5,337,337.5,338
1683507829552271403,335,334.5,334,333.5,333,336,336.5,337,337.5,338
1683507829585223676,335,334.5,334,333.5,333,336,336.5,337,337.5,338
1683507829663854423,335,334.5,334,333.5,333,336,336.5,337,337.5,338
1683507830223852433,335.5,335,334.5,334,333.5,336,336.5,337,337.5,338
1683507830256086517,335.5,335,334.5,334,333.5,336,336.5,337,337.5,338
1683507830256086517,335,334.5,334,333.5,333,336,336.5,337,337.5,338
1683507830256086517,335,334.5,334,333.5,333,336,336.5,337,337.5,338
1683507830689741137,335,334.5,334,333.5,333,336,336.5,337,337.5,338
1683507830714058148,335,334.5,334,333.5,333,336,336.5,337,337.5,338
1683507830960921225,335,334.5,334,333.5,333,336,336.5,337,337.5,338
1683507831106527749,335,334.5,334,333.5,333,336,336.5,337,337.5,338
1683507831207912463,335,334.5,334,333.5,333,336,336.5,337,337.5,338
1683507831993482189,335.5,335,334.5,334,333.5,336,336.5,337,337.5,338
1683507832027387250,335.5,335,334.5,334,333.5,336,336.5,337,337.5,338
1683507832488422363,335.5,335,334.5,334,333.5,336,336.5,337,337.5,338
1683507832585208734,335.5,335,334.5,334,333.5,336,336.5,337,337.5,338
1683507833104548013,335.5,335,334.5,334,333.5,336,336.5,337,337.5,338
1683507833160289499,335,334.5,334,333.5,333,336,336.5,337,337.5,338
1683507833182156581,335,334.5,334,333.5,333,336,336.5,337,337.5,338
1683507833212942026,335,334.5,334,333.5,333,336,336.5,337,337.5,338
1683507833449565681,335.5,335,334.5,334,333.5,336,336.5,337,337.5,338
1683507833482649961,335.5,335,334.5,334,333.5,336,336.5,337,337.5,338
1683507833512952980,335,334.5,334,333.5,333,336,336.5,337,337.5,338
1683507833626614102,335,334.5,334,333.5,333,336,336.5,337,337.5,338
1683507833661422218,335,334.5,334,333.5,333,336,336.5,337,337.5,338
1683507834298325356,335,334.5,334,333.5,333,336,336.5,337,337.5,338
1683507834484747154,335.5,335,334.5,334,333.5,336,336.5,337,337.5,338
1683507834517516383,335.5,335,334.5,334,333.5,336,336.5,337,337.5,338
1683507834517516383,335,334.5,334,333.5,333,336,336.5,337,337.5,338
1683507834547509711,335,334.5,334,333.5,333,336,336.5,337,337.5,338
1683507834579050584,335,334.5,334,333.5,333,336,336.5,337,337.5,338
1683507834609762030,335,334.5,334,333.5,333,336,336.5,337,337.5,338
1683507834682377885,335.5,335,334.5,334,333.5,336,336.5,337,337.5,338
1683507834703269235,335.5,335,334.5,334,333.5,336,336.5,337,337.5,338
1683507834703269235,335,334.5,334,333.5,333,336,336.5,337,337.5,338
1683507834703321022,335,334.5,334,333.5,333,336,336.5,337,337.5,338
1683507834735725336,335,334.5,334,333.5,333,336,336.5,337,337.5,338
1683507834768353811,335,334.5,334,333.5,333,336,336.5,337,337.5,338
1683507835286021014,335,334.5,334,333.5,333,336,336.5,337,337.5,338
1683507835406589603,335.5,335,334.5,334,333.5,336,336.5,337,337.5,338
1683507835441921937,335.5,335,334.5,334,333.5,336,336.5,337,337.5,338
1683507835442013599,335,334.5,334,333.5,333,336,336.5,337,337.5,338
1683507835442136940,335,334.5,334,333.5,333,336,336.5,337,337.5,338
1683507835442136940,335,334.5,334,333.5,333,336,336.5,337,337.5,338
1683507835486293802,335,334.5,334,333.5,333,336,336.5,337,337.5,338
1683507835496718213,335,334.5,334,333.5,333,336,336.5,337,337.5,338
1683507835508988630,335,334.5,334,333.5,333,336,336.5,337,337.5,338
1683507835531274049,335,334.5,334,333.5,333,336,336.5,337,337.5,338
1683507835674623827,335,334.5,334,333.5,333,336,336.5,337,337.5,338
1683507835874313760,335,334.5,334,333.5,333,335.5,336,336.5,337,337.5
1683507835895628056,335,334.5,334,333.5,333,335.5,336,336.5,337,337.5
1683507836383810974,335,334.5,334,333.5,333,335.5,336,336.5,337,337.5
1683507836743530821,335,334.5,334,333.5,333,335.5,336,336.5,337,337.5
1683507837970555288,335,334.5,334,333.5,333,335.5,336,336.5,337,337.5
1683507838013961420,335,334.5,334,333.5,333,335.5,336,336.5,337,337.5
1683507838136377166,335,334.5,334,333.5,333,336,336.5,337,337.5,338
1683507838169564122,335,334.5,334,333.5,333,336,336.5,337,337.5,338
1683507838199836336,335,334.5,334,333.5,333,336,336.5,337,337.5,338
1683507838438401224,335,334.5,334,333.5,333,336,336.5,337,337.5,338
1683507838518357636,335.5,335,334.5,334,333.5,336,336.5,337,337.5,338
1683507838551220804,335.5,335,334.5,334,333.5,336,336.5,337,337.5,338
1683507838551220804,335.5,335,334.5,334,333.5,336,336.5,337,337.5,338
1683507838563389721,335.5,335,334.5,334,333.5,336,336.5,337,337.5,338
1683507838575799169,335.5,335,334.5,334,333.5,336,336.5,337,337.5,338
1683507838575799169,335.5,335,334.5,334,333.5,336,336.5,337,337.5,338
1683507839084824005,335.5,335,334.5,334,333.5,336,336.5,337,337.5,338
1683507839452672453,335.5,335,334.5,334,333.5,336,336.5,337,337.5,338
1683507839485101055,335.5,335,334.5,334,333.5,336,336.5,337,337.5,338
1683507839485609831,335.5,335,334.5,334,333.5,336,336.5,337,337.5,338
1683507839894569181,335.5,335,334.5,334,333.5,336,336.5,337,337.5,338
1683507839934630273,335.5,335,334.5,334,333.5,336,336.5,337,337.5,338
1683507839978487161,335.5,335,334.5,334,333.5,336,336.5,337,337.5,338
1683507839999254611,335.5,335,334.5,334,333.5,336,336.5,337,337.5,338
1683507840198959151,335.5,335,334.5,334,333.5,336,336.5,337,337.5,338
1683507840495937195,335.5,335,334.5,334,333.5,336,336.5,337,337.5,338
1683507841000480037,335.5,335,334.5,334,333.5,336,336.5,337,337.5,338
1683507841477726592,335.5,335,334.5,334,333.5,336,336.5,337,337.5,338
1683507841541031352,335.5,335,334.5,334,333.5,336,336.5,337,337.5,338
1683507841606832899,335.5,335,334.5,334,333.5,336,336.5,337,337.5,338
1683507842203923122,335.5,335,334.5,334,333.5,336,336.5,337,337.5,338
1683507842327841379,335.5,335,334.5,334,333.5,336,336.5,337,337.5,338
1683507842391684851,335.5,335,334.5,334,333.5,336,336.5,337,337.5,338
1683507842458899101,335.5,335,334.5,334,333.5,336,336.5,337,337.5,338
1683507842834548945,335.5,335,334.5,334,333.5,336,336.5,337,337.5,338
1683507842995057839,0,0,0,0,0,0,0,0,0,0
1683507842995057839,335.5,335,334.5,334,333.5,336.5,337,337.5,338,338.5
1683507843139838454,335.5,335,334.5,334,333.5,336.5,337,337.5,338,338.5
1683507843162263896,335.5,335,334.5,334,333.5,336.5,337,337.5,338,338.5
1683507843162356530,335.5,335,334.5,334,333.5,336.5,337,337.5,338,338.5
1683507843276544188,335.5,335,334.5,334,333.5,336.5,337,337.5,338,338.5
1683507843407784823,335.5,335,334.5,334,333.5,336,336.5,337,337.5,338
1683507843429541570,335.5,335,334.5,334,333.5,336,336.5,337,337.5,338
1683507843429541570,335.5,335,334.5,334,333.5,336.5,337,337.5,338,338.5
1683507843531425409,335.5,335,334.5,334,333.5,336.5,337,337.5,338,338.5
1683507843545990965,335.5,335,334.5,334,333.5,336.5,337,337.5,338,338.5
1683507843553353588,335.5,335,334.5,334,333.5,336.5,337,337.5,338,338.5
1683507843605600908,335.5,335,334.5,334,333.5,336.5,337,337.5,338,338.5
1683507843868996403,335.5,335,334.5,334,333.5,336.5,337,337.5,338,338.5
1683507844032658006,335.5,335,334.5,334,333.5,336.5,337,337.5,338,338.5
1683507844223835237,336,335.5,335,334.5,334,336.5,337,337.5,338,338.5
1683507844255996568,336,335.5,335,334.5,334,336.5,337,337.5,338,338.5
1683507844255996568,336,335.5,335,334.5,334,336.5,337,337.5,338,338.5
1683507844597235699,335.5,335,334.5,334,333.5,336.5,337,337.5,338,338.5
1683507844755305443,335.5,335,334.5,334,333.5,336.5,337,337.5,338,338.5
1683507844788418610,335.5,335,334.5,334,333.5,336.5,337,337.5,338,338.5
1683507845727844523,335.5,335,334.5,334,333.5,336.5,337,337.5,338,338.5
1683507845737733088,335.5,335,334.5,334,333.5,336.5,337,337.5,338,338.5
1683507845832724297,336,335.5,335,334.5,334,336.5,337,337.5,338,338.5
1683507845851479939,336,335.5,335,334.5,334,336.5,337,337.5,338,338.5
1683507845937420196,336,335.5,335,334.5,334,336.5,337,337.5,338,338.5
1683507845960127276,336,335.5,335,334.5,334,336.5,337,337.5,338,338.5
1683507846041502412,336,335.5,335,334.5,334,336.5,337,337.5,338,338.5
1683507846061669354,336,335.5,335,334.5,334,337,337.5,338,338.5,339
1683507846083998946,336,335.5,335,334.5,334,337,337.5,338,338.5,339
1683507846105243912,336,335.5,335,334.5,334,337,337.5,338,338.5,339
1683507846320583346,336,335.5,335,334.5,334,337,337.5,338,338.5,339
1683507846340801133,336,335.5,335,334.5,334,337.5,338,338.5,339,339.5
1683507846363328136,336,335.5,335,334.5,334,337.5,338,338.5,339,339.5
1683507846394064842,336,335.5,335,334.5,334,337.5,338,338.5,339,339.5
1683507846506579250,336,335.5,335,334.5,334,336.5,337.5,338,338.5,339
1683507846540678518,336,335.5,335,334.5,334,337.5,338,338.5,339,339.5
1683507846540678518,336,335.5,335,334.5,334,337.5,338,338.5,339,339.5
1683507846540678518,336.5,336,335.5,335,334.5,337.5,338,338.5,339,339.5
1683507846573264907,336.5,336,335.5,335,334.5,337.5,338,338.5,339,339.5
1683507846573264907,336.5,336,335.5,335,334.5,337.5,338,338.5,339,339.5
1683507846573372389,336.5,336,335.5,335,334.5,337.5,338,338.5,339,339.5
1683507846597570579,336.5,336,335.5,335,334.5,337.5,338,338.5,339,339.5
1683507846597743894,336.5,336,335.5,335,334.5,337.5,338,338.5,339,339.5
1683507846673559012,336.5,336,335.5,335,334.5,337.5,338,338.5,339,339.5
1683507847254457706,336.5,336,335.5,335,334.5,337.5,338,338.5,339,339.5
1683507847276729219,336,335.5,335,334.5,334,337.5,338,338.5,339,339.5
1683507847312631763,336,335.5,335,334.5,334,337.5,338,338.5,339,339.5
1683507847312631763,336,335.5,335,334.5,334,337.5,338,338.5,339,339.5
1683507847343657662,336,335.5,335,334.5,334,337.5,338,338.5,339,339.5
1683507847605437154,336,335.5,335,334.5,334,336.5,337.5,338,338.5,339
1683507847627927357,336,335.5,335,334.5,334,336.5,337.5,338,338.5,339
1683507847638197609,336,335.5,335,334.5,334,336.5,337.5,338,338.5,339
1683507847638197609,336,335.5,335,334.5,334,337.5,338,338.5,339,339.5
1683507847661355687,336.5,336,335.5,335,334.5,337.5,338,338.5,339,339.5
1683507847661355687,336.5,336,335.5,335,334.5,337.5,338,338.5,339,339.5
1683507847683285198,336.5,336,335.5,335,334.5,337.5,338,338.5,339,339.5
1683507847683339510,336.5,336,335.5,335,334.5,337.5,338,338.5,339,339.5
1683507847683339510,336.5,336,335.5,335,334.5,337.5,338,338.5,339,339.5
1683507847705744433,336.5,336,335.5,335,334.5,337.5,338,338.5,339,339.5
1683507847718031060,336.5,336,335.5,335,334.5,337.5,338,338.5,339,339.5
1683507847794839212,336.5,336,335.5,335,334.5,337.5,338,338.5,339,339.5
1683507847878977415,336.5,336,335.5,335,334.5,337.5,338,338.5,339,339.5
1683507847952491202,336.5,336,335.5,335,334.5,337.5,338,338.5,339,339.5
1683507847987316624,336.5,336,335.5,335,334.5,337.5,338,338.5,339,339.5
1683507847997525400,336.5,336,335.5,335,334.5,337.5,338,338.5,339,339.5
1683507848705615427,336.5,336,335.5,335,334.5,337.5,338,338.5,339,339.5
1683507848727781572,336.5,336,335.5,335,334.5,337.5,338,338.5,339,339.5
1683507848799601619,336.5,336,335.5,335,334.5,337.5,338,338.5,339,339.5
1683507848940715770,336.5,336,335.5,335,334.5,337.5,338,338.5,339,339.5
1683507848997095439,336.5,336,335.5,335,334.5,337.5,338,338.5,339,339.5
1683507849141555742,336.5,336,335.5,335,334.5,337.5,338,338.5,339,339.5
1683507849264308532,336.5,336,335.5,335,334.5,337.5,338,338.5,339,339.5
1683507849407620800,336.5,336,335.5,335,334.5,337.5,338,338.5,339,339.5
1683507849630137669,336.5,336,335.5,335,334.5,337.5,338,338.5,339,339.5
1683507850074310881,336.5,336,335.5,335,334.5,337.5,338,338.5,339,339.5
1683507850822529826,336.5,336,335.5,335,334.5,337.5,338,338.5,339,339.5
1683507851124873384,336.5,336,335.5,335,334.5,337.5,338,338.5,339,339.5
1683507851256154074,336.5,336,335.5,335,334.5,337.5,338,338.5,339,339.5
1683507851345170926,336.5,336,335.5,335,334.5,337.5,338,338.5,339,339.5
1683507851430090507,336.5,336,335.5,335,334.5,337.5,338,338.5,339,339.5
1683507851669728409,336.5,336,335.5,335,334.5,337.5,338,338.5,339,339.5
1683507852160203810,336.5,336,335.5,335,334.5,337.5,338,338.5,339,339.5
1683507852180727822,336.5,336,335.5,335,334.5,337.5,338,338.5,339,339.5
1683507852356892038,336.5,336,335.5,335,334.5,337.5,338,338.5,339,339.5
1683507852356917115,337.5,336.5,336,335.5,335,338,338.5,339,339.5,340
1683507852377315882,337.5,336.5,336,335.5,335,338,338.5,339,339.5,340
1683507852377315882,337.5,336.5,336,335.5,335,338,338.5,339,339.5,340
1683507852397738223,337.5,336.5,336,335.5,335,338,338.5,339,339.5,340
1683507852989701090,337.5,336.5,336,335.5,335,338,338.5,339,339.5,340
1683507853063350862,337.5,336.5,336,335.5,335,338,338.5,339,339.5,340
1683507853063350862,337.5,336.5,336,335.5,335,338,338.5,339,339.5,340
1683507853083785155,337.5,336.5,336,335.5,335,338,338.5,339,339.5,340
1683507853104413373,337.5,336.5,336,335.5,335,338,338.5,339,339.5,340
1683507853168041400,337.5,336.5,336,335.5,335,338,338.5,339,339.5,340
1683507853246915931,337.5,336.5,336,335.5,335,338,338.5,339,339.5,340
1683507853584579289,337.5,336.5,336,335.5,335,338,338.5,339,339.5,340
1683507853719169673,337.5,336.5,336,335.5,335,338,338.5,339,339.5,340
1683507853978772678,337.5,336.5,336,335.5,335,338,338.5,339,339.5,340
1683507854410302323,337.5,337,336.5,336,335.5,338,338.5,339,339.5,340
1683507854528786889,337.5,337,336.5,336,335.5,338,338.5,339,339.5,340
1683507854549293449,337.5,337,336.5,336,335.5,338,338.5,339,339.5,340
1683507855058194813,337.5,337,336.5,336,335.5,338,338.5,339,339.5,340
1683507855488684445,337.5,337,336.5,336,335.5,338,338.5,339,339.5,340
1683507855539880622,337.5,337,336.5,336,335.5,338,338.5,339,339.5,340
1683507855657630169,337.5,337,336.5,336,335.5,338,338.5,339,339.5,340
1683507855710715622,337.5,337,336.5,336,335.5,338,338.5,339,339.5,340
1683507855801704758,337.5,337,336.5,336,335.5,338,338.5,339,339.5,340
1683507855834358793,337.5,337,336.5,336,335.5,338,338.5,339,339.5,340
1683507856073146620,337.5,337,336.5,336,335.5,338,338.5,339,339.5,340
1683507856130601567,337.5,337,336.5,336,335.5,338,338.5,339,339.5,340
1683507856174455019,337.5,337,336.5,336,335.5,338,338.5,339,339.5,340
1683507856217538876,337.5,337,336.5,336,335.5,338,338.5,339,339.5,340
1683507856498845508,337.5,337,336.5,336,335.5,338,338.5,339,339.5,340
1683507856521606630,337.5,337,336.5,336,335.5,338,338.5,339,339.5,340
1683507856713031386,337.5,337,336.5,336,335.5,338,338.5,339,339.5,340
1683507856810412371,337.5,337,336.5,336,335.5,338,338.5,339,339.5,340
1683507857083689970,337.5,337,336.5,336,335.5,338,338.5,339,339.5,340
1683507857209783451,337.5,337,336.5,336,335.5,338,338.5,339,339.5,340
1683507857232415691,337.5,337,336.5,336,335.5,338,338.5,339,339.5,340
1683507857263879382,337.5,337,336.5,336,335.5,338,338.5,339,339.5,340
1683507857294589318,337.5,337,336.5,336,335.5,338.5,339,339.5,340,340.5
1683507857294632469,338,337.5,337,336.5,336,338.5,339,339.5,340,340.5
1683507857294632469,338,337.5,337,336.5,336,338.5,339,339.5,340,340.5
1683507857325307950,338,337.5,337,336.5,336,338.5,339,339.5,340,340.5
1683507857325307950,338,337.5,337,336.5,336,338.5,339,339.5,340,340.5
1683507857325307950,338,337.5,337,336.5,336,338.5,339,339.5,340,340.5
1683507857366269221,338,337.5,337,336.5,336,338.5,339,339.5,340,340.5
1683507857398028958,338,337.5,337,336.5,336,338.5,339,339.5,340,340.5
1683507857439381825,338,337.5,337,336.5,336,338.5,339,339.5,340,340.5
1683507857500696138,338,337.5,337,336.5,336,338.5,339,339.5,340,340.5
1683507857665321400,338,337.5,337,336.5,336,338.5,339,339.5,340,340.5
1683507857687802116,338,337.5,337,336.5,336,338.5,339,339.5,340,340.5
1683507857700996237,338,337.5,337,336.5,336,338.5,339,339.5,340,340.5
1683507857810698044,338,337.5,337,336.5,336,338.5,339,339.5,340,340.5
1683507857886519934,338,337.5,337,336.5,336,338.5,339,339.5,340,340.5
1683507857918185083,338,337.5,337,336.5,336,338.5,339,339.5,340,340.5
1683507857951297138,338,337.5,337,336.5,336,338.5,339,339.5,340,340.5
1683507858316604345,338,337.5,337,336.5,336,338.5,339,339.5,340,340.5
1683507858421007695,338,337.5,337,336.5,336,338.5,339,339.5,340,340.5
1683507858666787458,338,337.5,337,336.5,336,338.5,339,339.5,340,340.5
1683507858876560551,338,337.5,337,336.5,336,338.5,339,339.5,340,340.5
1683507859165382704,338,337.5,337,336.5,336,338.5,339,339.5,340,340.5
1683507859340966299,338,337.5,337,336.5,336,338.5,339,339.5,340,340.5
1683507859866984118,338,337.5,337,336.5,336,338.5,339,339.5,340,340.5
1683507860019749023,338,337.5,337,336.5,336,338.5,339,339.5,340,340.5
1683507860019749023,338,337.5,337,336.5,336,338.5,339,339.5,340,340.5
1683507860073820668,338,337.5,337,336.5,336,338.5,339,339.5,340,340.5
1683507860206082560,338,337.5,337,336.5,336,338.5,339,339.5,340,340.5
1683507860226416576,338,337.5,337,336.5,336,338.5,339,339.5,340,340.5
1683507860403814658,338,337.5,337,336.5,336,338.5,339,339.5,340,340.5
1683507860403814658,338,337.5,337,336.5,336,338.5,339,339.5,340,340.5
1683507860567240027,338,337.5,337,336.5,336,338.5,339,339.5,340,340.5
1683507860922494481,338,337.5,337,336.5,336,338.5,339,339.5,340,340.5
1683507861005909686,338,337.5,337,336.5,336,338.5,339,339.5,340,340.5
1683507861330197723,338,337.5,337,336.5,336,338.5,339,339.5,340,340.5
1683507861384861090,338,337.5,337,336.5,336,338.5,339,339.5,340,340.5
1683507861651863286,338,337.5,337,336.5,336,338.5,339,339.5,340,340.5
1683507861805442670,338,337.5,337,336.5,336,338.5,339,339.5,340,340.5
1683507862029789064,338,337.5,337,336.5,336,338.5,339,339.5,340,340.5
1683507862255996251,338,337.5,337,336.5,336,338.5,339,339.5,340,340.5
1683507862553743920,338,337.5,337,336.5,336,338.5,339,339.5,340,340.5
1683507862804781685,338,337.5,337,336.5,336,338.5,339,339.5,340,340.5
1683507862988418780,338,337.5,337,336.5,336,338.5,339,339.5,340,340.5
1683507863084367958,338,337.5,337,336.5,336,338.5,339,339.5,340,340.5
1683507863381318610,338,337.5,337,336.5,336,338.5,339,339.5,340,340.5
1683507863784789227,338,337.5,337,336.5,336,338.5,339,339.5,340,340.5
1683507863968306296,338,337.5,337,336.5,336,338.5,339,339.5,340,340.5
1683507864088896866,338,337.5,337,336.5,336,338.5,339,339.5,340,340.5
1683507864232285067,338,337.5,337,336.5,336,339,339.5,340,340.5,341
1683507864232403960,338,337.5,337,336.5,336,338.5,339,339.5,340,340.5
1683507864298891215,338,337.5,337,336.5,336,338.5,339,339.5,340,340.5
1683507864459965981,338,337.5,337,336.5,336,338.5,339,339.5,340,340.5
1683507864544588864,338,337.5,337,336.5,336,338.5,339,339.5,340,340.5
1683507864618516788,338,337.5,337,336.5,336,338.5,339,339.5,340,340.5
1683507864893166813,338,337.5,337,336.5,336,338.5,339,339.5,340,340.5
1683507864893218751,338,337.5,337,336.5,336,338.5,339,339.5,340,340.5
1683507865477712394,338,337.5,337,336.5,336,339,339.5,340,340.5,341
1683507865829295515,338,337.5,337,336.5,336,339,339.5,340,340.5,341
1683507865841064391,338,337.5,337,336.5,336,339,339.5,340,340.5,341
1683507865852419168,338,337.5,337,336.5,336,339,339.5,340,340.5,341
1683507865852433916,338,337.5,337,336.5,336,339,339.5,340,340.5,341
1683507865931495639,338,337.5,337,336.5,336,339,339.5,340,340.5,341
1683507866552851859,338,337.5,337,336.5,336,339,339.5,340,340.5,341
1683507866752318753,338,337.5,337,336.5,336,339,339.5,340,340.5,341
1683507866966852554,338,337.5,337,336.5,336,339,339.5,340,340.5,341
1683507867021739601,338.5,338,337.5,337,336.5,339,339.5,340,340.5,341
1683507867052409050,338.5,338,337.5,337,336.5,339,339.5,340,340.5,341
1683507867052409050,338.5,338,337.5,337,336.5,339,339.5,340,340.5,341
1683507867052409050,338.5,338,337.5,337,336.5,339,339.5,340,340.5,341
1683507867052409050,338.5,338,337.5,337,336.5,339,339.5,340,340.5,341
1683507867073265246,338,337.5,337,336.5,336,339,339.5,340,340.5,341
1683507867412230799,338,337.5,337,336.5,336,339,339.5,340,340.5,341
1683507867445721325,338,337.5,337,336.5,336,339,339.5,340,340.5,341
1683507867735394916,338,337.5,337,336.5,336,339,339.5,340,340.5,341
1683507867776601909,338,337.5,337,336.5,336,339,339.5,340,340.5,341
1683507867809285079,338,337.5,337,336.5,336,339,339.5,340,340.5,341
1683507867842736522,338,337.5,337,336.5,336,339,339.5,340,340.5,341
1683507867842736522,338,337.5,337,336.5,336,339,339.5,340,340.5,341
1683507867874072382,338,337.5,337,336.5,336,339,339.5,340,340.5,341
1683507867885195074,338,337.5,337,336.5,336,339,339.5,340,340.5,341
1683507868059488708,338,337.5,337,336.5,336,339,339.5,340,340.5,341
1683507868069406838,338,337.5,337,336.5,336,339,339.5,340,340.5,341
1683507868090175320,338,337.5,337,336.5,336,339,339.5,340,340.5,341
1683507868213591905,338,337.5,337,336.5,336,339,339.5,340,340.5,341
1683507868632520963,338,337.5,337,336.5,336,339,339.5,340,340.5,341
1683507868814217275,338,337.5,337,336.5,336,339,339.5,340,340.5,341
1683507869106929099,338,337.5,337,336.5,336,339,339.5,340,340.5,341
1683507869625763112,338,337.5,337,336.5,336,339,339.5,340,340.5,341
1683507869659519677,338,337.5,337,336.5,336,339,339.5,340,340.5,341
1683507869711770564,338.5,338,337.5,337,336.5,339,339.5,340,340.5,341
1683507869732226288,338.5,338,337.5,337,336.5,339,339.5,340,340.5,341
1683507869742382386,338,337.5,337,336.5,336,339,339.5,340,340.5,341
1683507869742382386,338,337.5,337,336.5,336,339,339.5,340,340.5,341
1683507869865390144,338.5,338,337.5,337,336.5,339,339.5,340,340.5,341
1683507869886227184,338,337.5,337,336.5,336,339,339.5,340,340.5,341
1683507870199537400,338,337.5,337,336.5,336,339,339.5,340,340.5,341
1683507870230070183,338,337.5,337,336.5,336,339,339.5,340,340.5,341
1683507870469625821,338,337.5,337,336.5,336,339,339.5,340,340.5,341
1683507870503373310,338.5,338,337.5,337,336.5,339,339.5,340,340.5,341
1683507870539477292,338,337.5,337,336.5,336,339,339.5,340,340.5,341
1683507870539477292,337.5,337,336.5,336,335.5,339,339.5,340,340.5,341
1683507870539477292,337.5,337,336.5,336,335.5,339,339.5,340,340.5,341
1683507870567949477,337.5,337,336.5,336,335.5,339,339.5,340,340.5,341
1683507870567975856,337.5,337,336.5,336,335.5,339,339.5,340,340.5,341
1683507870580090110,337.5,337,336.5,336,335.5,338.5,339,339.5,340,340.5
1683507870580147738,337.5,337,336.5,336,335.5,339,339.5,340,340.5,341
1683507870580147738,337.5,337,336.5,336,335.5,338,339,339.5,340,340.5
1683507870602682245,337.5,337,336.5,336,335.5,338,339,339.5,340,340.5
1683507870612819407,337.5,337,336.5,336,335.5,338,339,339.5,340,340.5
1683507870612872546,337.5,337,336.5,336,335.5,338,338.5,339,339.5,340
1683507870612872546,337.5,337,336.5,336,335.5,338,338.5,339,339.5,340
1683507870612872546,337.5,337,336.5,336,335.5,338,338.5,339,339.5,340
1683507870822841327,337.5,337,336.5,336,335.5,338,338.5,339,339.5,340
1683507870834222144,337.5,337,336.5,336,335.5,338,338.5,339,339.5,340
1683507870845160089,337.5,337,336.5,336,335.5,338,338.5,339,339.5,340
1683507870865912881,337.5,337,336.5,336,335.5,338,338.5,339,339.5,340
1683507870953753004,337.5,337,336.5,336,335.5,338,338.5,339,339.5,340
1683507870989080399,337.5,337,336.5,336,335.5,338.5,339,339.5,340,340.5
1683507872167395648,337.5,337,336.5,336,335.5,338.5,339,339.5,340,340.5
1683507872198212294,337.5,337,336.5,336,335.5,338.5,339,339.5,340,340.5
1683507872198212294,337.5,337,336.5,336,335.5,338.5,339,339.5,340,340.5
1683507872978385922,338,337.5,337,336.5,336,338.5,339,339.5,340,340.5
1683507873011186813,338,337.5,337,336.5,336,338.5,339,339.5,340,340.5
1683507873108653069,338,337.5,337,336.5,336,338.5,339,339.5,340,340.5
1683507873217968902,338,337.5,337,336.5,336,338.5,339,339.5,340,340.5
1683507873485395425,338,337.5,337,336.5,336,338.5,339,339.5,340,340.5
1683507873520964523,337.5,337,336.5,336,335.5,338.5,339,339.5,340,340.5
1683507873707437513,337.5,337,336.5,336,335.5,338.5,339,339.5,340,340.5
1683507873740165878,337.5,337,336.5,336,335.5,338.5,339,339.5,340,340.5
1683507873750426491,337.5,337,336.5,336,335.5,338.5,339,339.5,340,340.5
1683507873879096079,337.5,337,336.5,336,335.5,338.5,339,339.5,340,340.5
1683507873955274558,337.5,337,336.5,336,335.5,338.5,339,339.5,340,340.5
1683507874490834192,337.5,337,336.5,336,335.5,338.5,339,339.5,340,340.5
1683507874565234453,338,337.5,337,336.5,336,338.5,339,339.5,340,340.5
1683507874598665687,338,337.5,337,336.5,336,338.5,339,339.5,340,340.5
1683507874598665687,337.5,337,336.5,336,335.5,338,338.5,339,339.5,340
1683507874632035988,337.5,337,336.5,336,335.5,338,338.5,339,339.5,340
1683507874632035988,337.5,337,336.5,336,335.5,338,338.5,339,339.5,340
1683507874665018780,337.5,337,336.5,336,335.5,338,338.5,339,339.5,340
1683507875145217117,337.5,337,336.5,336,335.5,338,338.5,339,339.5,340
1683507875576296667,337.5,337,336.5,336,335.5,338,338.5,339,339.5,340
1683507875598950348,337.5,337,336.5,336,335.5,338,338.5,339,339.5,340
1683507875655528719,337.5,337,336.5,336,335.5,338,338.5,339,339.5,340
1683507876116592182,337.5,337,336.5,336,335.5,338,338.5,339,339.5,340
1683507876426243549,337.5,337,336.5,336,335.5,338,338.5,339,339.5,340
1683507876426243549,337.5,337,336.5,336,335.5,338,338.5,339,339.5,340
1683507876805217785,337.5,337,336.5,336,335.5,338,338.5,339,339.5,340
1683507876898678791,337.5,337,336.5,336,335.5,338,338.5,339,339.5,340
1683507877137000893,337.5,337,336.5,336,335.5,338,338.5,339,339.5,340
1683507877180055776,337.5,337,336.5,336,335.5,338,338.5,339,339.5,340
1683507877296794785,337.5,337,336.5,336,335.5,338,338.5,339,339.5,340
1683507877328500159,337,336.5,336,335.5,335,338,338.5,339,339.5,340
1683507877369511405,337,336.5,336,335.5,335,338,338.5,339,339.5,340
1683507877402119674,337,336.5,336,335.5,335,338,338.5,339,339.5,340
1683507877547639046,337,336.5,336,335.5,335,338,338.5,339,339.5,340
1683507877805547290,337.5,337,336.5,336,335.5,338,338.5,339,339.5,340
1683507877826908714,337.5,337,336.5,336,335.5,338,338.5,339,339.5,340
1683507877997595776,337.5,337,336.5,336,335.5,338,338.5,339,339.5,340
1683507878702614266,337,336.5,336,335.5,335,338,338.5,339,339.5,340
1683507878794731379,337,336.5,336,335.5,335,338,338.5,339,339.5,340
1683507878805254185,337,336.5,336,335.5,335,338,338.5,339,339.5,340
1683507878815208494,337,336.5,336,335.5,335,338,338.5,339,339.5,340
1683507879905765654,337,336.5,336,335.5,335,338,338.5,339,339.5,340
1683507880404624585,337,336.5,336,335.5,335,338,338.5,339,339.5,340
1683507880427047221,337,336.5,336,335.5,335,338,338.5,339,339.5,340
1683507880813439755,337,336.5,336,335.5,335,338,338.5,339,339.5,340
1683507881138053042,337,336.5,336,335.5,335,338,338.5,339,339.5,340
1683507881896552609,337,336.5,336,335.5,335,338,338.5,339,339.5,340
1683507881972388886,337,336.5,336,335.5,335,338,338.5,339,339.5,340
1683507882106481354,337,336.5,336,335.5,335,338,338.5,339,339.5,340
1683507882151786892,337.5,337,336.5,336,335.5,338,338.5,339,339.5,340
1683507882186267938,337.5,337,336.5,336,335.5,338,338.5,339,339.5,340
1683507882479139883,337.5,337,336.5,336,335.5,338,338.5,339,339.5,340
1683507882531345255,337.5,337,336.5,336,335.5,338,338.5,339,339.5,340
1683507882629691222,337.5,337,336.5,336,335.5,338,338.5,339,339.5,340
1683507882675740456,337.5,337,336.5,336,335.5,338,338.5,339,339.5,340
1683507882722935982,337.5,337,336.5,336,335.5,338,338.5,339,339.5,340
1683507882767196899,337.5,337,336.5,336,335.5,338,338.5,339,339.5,340
1683507882892777607,337.5,337,336.5,336,335.5,338,338.5,339,339.5,340
1683507882903053299,337.5,337,336.5,336,335.5,338,338.5,339,339.5,340
1683507882937819570,337.5,337,336.5,336,335.5,338,338.5,339,339.5,340
1683507883239083210,337.5,337,336.5,336,335.5,338,338.5,339,339.5,340
1683507883595066422,337.5,337,336.5,336,335.5,338,338.5,339,339.5,340
1683507883822720145,337.5,337,336.5,336,335.5,338,338.5,339,339.5,340
1683507884050960800,337.5,337,336.5,336,335.5,338,338.5,339,339.5,340
1683507884522199787,337.5,337,336.5,336,335.5,338,338.5,339,339.5,340
1683507884565633500,337.5,337,336.5,336,335.5,338,338.5,339,339.5,340
1683507885170348678,337.5,337,336.5,336,335.5,338,338.5,339,339.5,340
1683507885725254813,337.5,337,336.5,336,335.5,338,338.5,339,339.5,340
1683507885769079541,337.5,337,336.5,336,335.5,338,338.5,339,339.5,340
1683507885801967055,337.5,337,336.5,336,335.5,338,338.5,339,339.5,340
1683507886049119285,337.5,337,336.5,336,335.5,338,338.5,339,339.5,340
1683507886430889570,337,336.5,336,335.5,335,337.5,338,338.5,339,339.5
1683507886463597908,337,336.5,336,335.5,335,337.5,338,338.5,339,339.5
1683507886509818273,337,336.5,336,335.5,335,337.5,338,338.5,339,339.5
1683507886621198581,337,336.5,336,335.5,335,337.5,338,338.5,339,339.5
1683507886664272459,337,336.5,336,335.5,335,337.5,338,338.5,339,339.5
1683507886664272459,337,336.5,336,335.5,335,338,338.5,339,339.5,340
1683507886797392422,337,336.5,336,335.5,335,338,338.5,339,339.5,340
1683507886818736744,337,336.5,336,335.5,335,338,338.5,339,339.5,340
1683507886995163202,337,336.5,336,335.5,335,338,338.5,339,339.5,340
1683507887199864303,337.5,337,336.5,336,335.5,338,338.5,339,339.5,340
1683507887230564981,337.5,337,336.5,336,335.5,338,338.5,339,339.5,340
1683507888090683630,337.5,337,336.5,336,335.5,338,338.5,339,339.5,340
1683507888298611580,337.5,337,336.5,336,335.5,338,338.5,339,339.5,340
1683507888339562171,337.5,337,336.5,336,335.5,338,338.5,339,339.5,340
1683507888412237915,337.5,337,336.5,336,335.5,338,338.5,339,339.5,340
1683507888508656604,337.5,337,336.5,336,335.5,338,338.5,339,339.5,340
1683507888869997074,337.5,337,336.5,336,335.5,338,338.5,339,339.5,340
1683507888931453043,337.5,337,336.5,336,335.5,338,338.5,339,339.5,340
1683507888953979114,337.5,337,336.5,336,335.5,338,338.5,339,339.5,340
1683507889398414268,337.5,337,336.5,336,335.5,338,338.5,339,339.5,340
1683507889541763515,337.5,337,336.5,336,335.5,338,338.5,339,339.5,340
1683507890738764516,337.5,337,336.5,336,335.5,338,338.5,339,339.5,340
1683507890909952789,337.5,337,336.5,336,335.5,338,338.5,339,339.5,340
1683507891288004173,337.5,337,336.5,336,335.5,338,338.5,339,339.5,340
1683507891310339265,337.5,337,336.5,336,335.5,338,338.5,339,339.5,340
1683507892199477737,337.5,337,336.5,336,335.5,338,338.5,339,339.5,340
1683507892219678051,337,336.5,336,335.5,335,338,338.5,339,339.5,340
1683507892250247754,337,336.5,336,335.5,335,338,338.5,339,339.5,340
1683507892270706553,337,336.5,336,335.5,335,337.5,338,338.5,339,339.5
1683507892290186255,337,336.5,336,335.5,335,337.5,338,338.5,339,339.5
1683507892660858405,337,336.5,336,335.5,335,337.5,338,338.5,339,339.5
1683507892706073402,337,336.5,336,335.5,335,337.5,338,338.5,339,339.5
1683507893070502150,337,336.5,336,335.5,335,337.5,338,338.5,339,339.5
1683507893126885205,337,336.5,336,335.5,335,337.5,338,338.5,339,339.5
1683507893161688506,337,336.5,336,335.5,335,337.5,338,338.5,339,339.5
1683507893204659060,337,336.5,336,335.5,335,337.5,338,338.5,339,339.5
1683507893960228616,337,336.5,336,335.5,335,337.5,338,338.5,339,339.5
1683507894357184601,337,336.5,336,335.5,335,338,338.5,339,339.5,340
1683507894538366046,337,336.5,336,335.5,335,338,338.5,339,339.5,340
1683507894560336474,337,336.5,336,335.5,335,338,338.5,339,339.5,340
1683507894857428482,337,336.5,336,335.5,335,338,338.5,339,339.5,340
1683507894890149984,337,336.5,336,335.5,335,338,338.5,339,339.5,340
1683507895082714780,337,336.5,336,335.5,335,338,338.5,339,339.5,340
1683507896638136439,337,336.5,336,335.5,335,337.5,338,338.5,339,339.5
1683507896659041397,337,336.5,336,335.5,335,337.5,338,338.5,339,339.5
1683507896768717505,337,336.5,336,335.5,335,337.5,338,338.5,339,339.5
1683507896791163757,337,336.5,336,335.5,335,337.5,338,338.5,339,339.5
1683507897047105919,337,336.5,336,335.5,335,338,338.5,339,339.5,340
1683507897461514430,337,336.5,336,335.5,335,338,338.5,339,339.5,340
1683507897497629684,337,336.5,336,335.5,335,338,338.5,339,339.5,340
1683507897542688739,337,336.5,336,335.5,335,338,338.5,339,339.5,340
1683507900637035115,337,336.5,336,335.5,335,338,338.5,339,339.5,340
1683507901079358574,337,336.5,336,335.5,335,338,338.5,339,339.5,340
1683507901113086626,337,336.5,336,335.5,335,338,338.5,339,339.5,340
1683507901348577132,337,336.5,336,335.5,335,338,338.5,339,339.5,340
1683507901528802492,337,336.5,336,335.5,335,338,338.5,339,339.5,340
1683507901780625451,337,336.5,336,335.5,335,338,338.5,339,339.5,340
1683507902096150295,337,336.5,336,335.5,335,338,338.5,339,339.5,340
1683507902505681500,337,336.5,336,335.5,335,338,338.5,339,339.5,340
1683507902527487419,337.5,337,336.5,336,335.5,338,338.5,339,339.5,340
1683507902561015055,337.5,337,336.5,336,335.5,338,338.5,339,339.5,340
1683507902561070048,337,336.5,336,335.5,335,338,338.5,339,339.5,340
1683507902585791801,337,336.5,336,335.5,335,338,338.5,339,339.5,340
1683507902608260044,337,336.5,336,335.5,335,338,338.5,339,339.5,340
1683507903084251773,337,336.5,336,335.5,335,338,338.5,339,339.5,340
1683507903244698600,337.5,337,336.5,336,335.5,338,338.5,339,339.5,340
1683507903277046691,337.5,337,336.5,336,335.5,338,338.5,339,339.5,340
1683507903277046691,337,336.5,336,335.5,335,338,338.5,339,339.5,340
1683507903751961929,337,336.5,336,335.5,335,338,338.5,339,339.5,340
1683507903784771266,337,336.5,336,335.5,335,338,338.5,339,339.5,340
1683507904676594388,337,336.5,336,335.5,335,338,338.5,339,339.5,340
1683507905424121715,337,336.5,336,335.5,335,337.5,338,338.5,339,339.5
1683507905445172787,337,336.5,336,335.5,335,337.5,338,338.5,339,339.5
1683507905445172787,337,336.5,336,335.5,335,337.5,338,338.5,339,339.5
1683507906138928422,337,336.5,336,335.5,335,337.5,338,338.5,339,339.5
1683507907093027773,337,336.5,336,335.5,335,337.5,338,338.5,339,339.5
1683507907677940773,337,336.5,336,335.5,335,337.5,338,338.5,339,339.5
1683507907879758221,337,336.5,336,335.5,335,337.5,338,338.5,339,339.5
1683507908076337634,337,336.5,336,335.5,335,337.5,338,338.5,339,339.5
1683507908109102598,336.5,336,335.5,335,334.5,337.5,338,338.5,339,339.5
1683507908109303966,336.5,336,335.5,335,334.5,337,337.5,338,338.5,339
1683507908133658520,336.5,336,335.5,335,334.5,337,337.5,338,338.5,339
1683507908144118628,336.5,336,335.5,335,334.5,337,337.5,338,338.5,339
1683507908154130053,336.5,336,335.5,335,334,337,337.5,338,338.5,339
1683507909160843924,336.5,336,335.5,335,334,337.5,338,338.5,339,339.5
1683507909738311016,336.5,336,335.5,335,334,337,337.5,338,338.5,339
1683507910088511682,336.5,336,335.5,335,334,337,337.5,338,338.5,339
1683507910955767410,336.5,336,335.5,335,334,337,337.5,338,338.5,339
1683507911356210362,336.5,336,335.5,335,334,337,337.5,338,338.5,339
1683507911569957907,336.5,336,335.5,335,334,337.5,338,338.5,339,339.5
1683507911602264170,336.5,336,335.5,335,334,337.5,338,338.5,339,339.5
1683507912035139391,336.5,336,335.5,335,334,337.5,338,338.5,339,339.5
1683507912314541778,336.5,336,335.5,335,334,337.5,338,338.5,339,339.5
1683507912359831146,336.5,336,335.5,335,334,337.5,338,338.5,339,339.5
1683507912669129069,336.5,336,335.5,335,334,337.5,338,338.5,339,339.5
1683507912812436949,336.5,336,335.5,335,334,337.5,338,338.5,339,339.5
1683507912930101015,336.5,336,335.5,335,334,337.5,338,338.5,339,339.5
1683507914450132311,336.5,336,335.5,335,334,337.5,338,338.5,339,339.5
1683507914607896672,336.5,336,335.5,335,334,337.5,338,338.5,339,339.5
1683507914875801223,336.5,336,335.5,335,334,337.5,338,338.5,339,339.5
1683507914875801223,336.5,336,335.5,335,334,337.5,338,338.5,339,339.5
1683507915117230759,337,336.5,336,335.5,335,337.5,338,338.5,339,339.5
1683507915149601773,337,336.5,336,335.5,335,337.5,338,338.5,339,339.5
1683507915149658229,336.5,336,335.5,335,334,337.5,338,338.5,339,339.5
1683507915149658229,336.5,336,335.5,335,334,337.5,338,338.5,339,339.5
1683507915374526332,336.5,336,335.5,335,334,337.5,338,338.5,339,339.5
1683507915409291000,336.5,336,335.5,335,334,337.5,338,338.5,339,339.5
1683507915758759972,337,336.5,336,335.5,335,337.5,338,338.5,339,339.5
1683507915789216312,337,336.5,336,335.5,335,337.5,338,338.5,339,339.5
1683507915789314456,336.5,336,335.5,335,334,337.5,338,338.5,339,339.5
1683507916446576277,336.5,336,335.5,335,334,337,337.5,338,338.5,339
1683507917015244389,336.5,336,335.5,335,334,337,337.5,338,338.5,339
1683507917047703038,336.5,336,335.5,335,334,337,337.5,338,338.5,339
1683507917560776886,336.5,336,335.5,335,334,337,337.5,338,338.5,339
1683507919136694524,336.5,336,335.5,335,334,337,337.5,338,338.5,339
1683507920171929161,336.5,336,335.5,335,334,337,337.5,338,338.5,339
1683507920431009094,336.5,336,335.5,335,334,337,337.5,338,338.5,339
1683507920463790318,336,335.5,335,334,333.5,337,337.5,338,338.5,339
1683507920509910495,336,335.5,335,334,333.5,337,337.5,338,338.5,339
1683507920542626026,336,335.5,335,334,333.5,337,337.5,338,338.5,339
1683507921207208010,336,335.5,335,334,333.5,337,337.5,338,338.5,339
1683507921778637917,336,335.5,335,334,333.5,337,337.5,338,338.5,339
1683507922160711823,336,335.5,335,334,333.5,337,337.5,338,338.5,339
1683507922193452150,336,335.5,335,334,333.5,337,337.5,338,338.5,339
1683507922966460506,336,335.5,335,334,333.5,337,337.5,338,338.5,339
1683507923333380431,336,335.5,335,334,333.5,337,337.5,338,338.5,339
1683507923925079572,336,335.5,335,334,333.5,337,337.5,338,338.5,339
1683507924661356337,336,335.5,335,334.5,334,337,337.5,338,338.5,339
1683507924866968299,336,335.5,335,334.5,334,337,337.5,338,338.5,339
1683507924877034477,336,335.5,335,334.5,334,337,337.5,338,338.5,339
1683507925754836295,336,335.5,335,334.5,334,337,337.5,338,338.5,339
1683507925969204756,336,335.5,335,334.5,334,337,337.5,338,338.5,339
1683507926153079748,336,335.5,335,334.5,334,337,337.5,338,338.5,339
1683507926226060073,336,335.5,335,334.5,334,337,337.5,338,338.5,339
1683507926318083370,336,335.5,335,334.5,334,337,337.5,338,338.5,339
1683507926489209005,336,335.5,335,334.5,334,337,337.5,338,338.5,339
1683507926556679867,336,335.5,335,334.5,334,337,337.5,338,338.5,339
1683507926947880257,336,335.5,335,334.5,334,337,337.5,338,338.5,339
1683507927091340212,336,335.5,335,334.5,334,337,337.5,338,338.5,339
1683507927153621430,336,335.5,335,334.5,334,337,337.5,338,338.5,339
1683507927390193587,336,335.5,335,334.5,334,337,337.5,338,338.5,339
1683507927423981712,336,335.5,335,334.5,334,337,337.5,338,338.5,339
1683507927587781524,336,335.5,335,334.5,334,337,337.5,338,338.5,339
1683507927998421470,336,335.5,335,334.5,334,337,337.5,338,338.5,339
1683507928066027325,336,335.5,335,334.5,334,337,337.5,338,338.5,339
1683507929279737346,336,335.5,335,334.5,334,337,337.5,338,338.5,339
1683507929483255927,336,335.5,335,334.5,334,337,337.5,338,338.5,339
1683507929506116145,336,335.5,335,334.5,334,337,337.5,338,338.5,339
1683507931034248831,336,335.5,335,334.5,334,337,337.5,338,338.5,339
1683507931438059666,336,335.5,335,334.5,334,337,337.5,338,338.5,339
1683507931516418719,336,335.5,335,334.5,334,337,337.5,338,338.5,339
1683507932074260576,336,335.5,335,334.5,334,337,337.5,338,338.5,339
1683507932819474329,336,335.5,335,334.5,334,336.5,337,337.5,338,338.5
1683507932829796519,336,335.5,335,334.5,334,336.5,337,337.5,338,338.5
1683507933361516724,336,335.5,335,334.5,334,336.5,337,337.5,338,338.5
1683507933404134666,336,335.5,335,334.5,334,336.5,337,337.5,338,338.5
1683507934271563700,336,335.5,335,334.5,334,336.5,337,337.5,338,338.5
1683507934431725652,336,335.5,335,334.5,334,336.5,337,337.5,338,338.5
1683507934554132201,336,335.5,335,334.5,334,336.5,337,337.5,338,338.5
1683507934723086591,336,335.5,335,334.5,334,336.5,337,337.5,338,338.5
1683507935896612769,336,335.5,335,334.5,334,336.5,337,337.5,338,338.5
1683507936117126988,336,335.5,335,334.5,334,336.5,337,337.5,338,338.5
1683507936225476596,336,335.5,335,334.5,334,336.5,337,337.5,338,338.5
1683507938091720722,336,335.5,335,334.5,334,337,337.5,338,338.5,339
1683507939336476679,336,335.5,335,334.5,334,337,337.5,338,338.5,339
1683507939507320024,336,335.5,335,334.5,334,337,337.5,338,338.5,339
1683507939943568448,336,335.5,335,334.5,334,337,337.5,338,338.5,339
1683507940412641649,336.5,336,335.5,335,334.5,337,337.5,338,338.5,339
1683507940433082244,336.5,336,335.5,335,334.5,337,337.5,338,338.5,339
1683507940824933847,336.5,336,335.5,335,334.5,337,337.5,338,338.5,339
1683507941886859053,336.5,336,335.5,335,334.5,337,337.5,338,338.5,339
1683507941886859053,336.5,336,335.5,335,334.5,337,337.5,338,338.5,339
1683507942070586918,336.5,336,335.5,335,334.5,337,337.5,338,338.5,339
1683507942545542111,336.5,336,335.5,335,334.5,337,337.5,338,338.5,339
1683507942580090143,336.5,336,335.5,335,334.5,337,337.5,338,338.5,339
1683507943003173300,336.5,336,335.5,335,334.5,337,337.5,338,338.5,339
1683507944938635928,336,335.5,335,334.5,334,337,337.5,338,338.5,339
1683507944981654261,336,335.5,335,334.5,334,337,337.5,338,338.5,339
1683507945002318467,336,335.5,335,334.5,334,337,337.5,338,338.5,339
1683507945656865080,336.5,336,335.5,335,334.5,337,337.5,338,338.5,339
1683507945679086248,336.5,336,335.5,335,334.5,337,337.5,338,338.5,339
1683507945745630140,336.5,336,335.5,335,334.5,337,337.5,338,338.5,339
1683507946366162784,336.5,336,335.5,335,334.5,337,337.5,338,338.5,339
1683507946458290036,336.5,336,335.5,335,334.5,337,337.5,338,338.5,339
1683507946478890311,336.5,336,335.5,335,334.5,337.5,338,338.5,339,339.5
1683507946490988615,336.5,336,335.5,335,334.5,337.5,338,338.5,339,339.5
1683507946523848066,336.5,336,335.5,335,334.5,337.5,338,338.5,339,339.5
1683507946577294007,336.5,336,335.5,335,334.5,337.5,338,338.5,339,339.5
1683507947929757467,336.5,336,335.5,335,334.5,337.5,338,338.5,339,339.5
1683507948043527782,336.5,336,335.5,335,334.5,337.5,338,338.5,339,339.5
1683507948137851087,336.5,336,335.5,335,334.5,337.5,338,338.5,339,339.5
1683507948320050313,336.5,336,335.5,335,334.5,337.5,338,338.5,339,339.5
1683507948353729874,336.5,336,335.5,335,334.5,337.5,338,338.5,339,339.5
1683507949165821205,336.5,336,335.5,335,334.5,337.5,338,338.5,339,339.5
1683507949186330129,336.5,336,335.5,335,334.5,337.5,338,338.5,339,339.5
1683507949206777898,336.5,336,335.5,335,334.5,338,338.5,339,339.5,340
1683507949913533309,336.5,336,335.5,335,334.5,338,338.5,339,339.5,340
1683507950099821792,337,336.5,336,335.5,335,338,338.5,339,339.5,340
1683507950122869322,337,336.5,336,335.5,335,338,338.5,339,339.5,340
1683507950134520917,337,336.5,336,335.5,335,338,338.5,339,339.5,340
1683507950134520917,337,336.5,336,335.5,335,338,338.5,339,339.5,340
1683507950157120526,337,336.5,336,335.5,335,338,338.5,339,339.5,340
1683507950190042925,337,336.5,336,335.5,335,338,338.5,339,339.5,340
1683507950323015722,337,336.5,336,335.5,335,338,338.5,339,339.5,340
1683507950459432554,337,336.5,336,335.5,335,338,338.5,339,339.5,340
1683507950491096201,337,336.5,336,335.5,335,338,338.5,339,339.5,340
1683507950629144556,337,336.5,336,335.5,335,338,338.5,339,339.5,340
1683507952597938421,337,336.5,336,335.5,335,338,338.5,339,339.5,340
1683507954164061441,337,336.5,336,335.5,335,338,338.5,339,339.5,340
1683507954164061441,337,336.5,336,335.5,335,338,338.5,339,339.5,340
1683507954174628189,337,336.5,336,335.5,335,338,338.5,339,339.5,340
1683507955151139797,337,336.5,336,335.5,335,338,338.5,339,339.5,340
1683507955610884774,337,336.5,336,335.5,335,338,338.5,339,339.5,340
1683507955804519339,337,336.5,336,335.5,335,338,338.5,339,339.5,340
1683507956455720200,337,336.5,336,335.5,335,338,338.5,339,339.5,340
1683507956488948143,336.5,336,335.5,335,334.5,338,338.5,339,339.5,340
1683507956523331405,336.5,336,335.5,335,334.5,338,338.5,339,339.5,340
1683507956537656660,336.5,336,335.5,335,334.5,338,338.5,339,339.5,340
1683507956552079648,336.5,336,335.5,335,334.5,338,338.5,339,339.5,340
1683507956701585144,336.5,336,335.5,335,334.5,338,338.5,339,339.5,340
1683507957790965745,337.5,336.5,336,335.5,335,338,338.5,339,339.5,340
1683507957811442569,337.5,336.5,336,335.5,335,338,338.5,339,339.5,340
1683507957929407780,337.5,336.5,336,335.5,335,338,338.5,339,339.5,340
1683507958766002023,336.5,336,335.5,335,334.5,338,338.5,339,339.5,340
1683507958796804413,336.5,336,335.5,335,334.5,338,338.5,339,339.5,340
1683507958817307255,336.5,336,335.5,335,334.5,338,338.5,339,339.5,340
1683507959073460434,336.5,336,335.5,335,334.5,338,338.5,339,339.5,340
1683507959248193903,336.5,336,335.5,335,334.5,338,338.5,339,339.5,340
1683507959280922939,336.5,336,335.5,335,334.5,338,338.5,339,339.5,340
1683507959428455340,337.5,336.5,336,335.5,335,338,338.5,339,339.5,340
1683507959428673720,337.5,336.5,336,335.5,335,338,338.5,339,339.5,340
1683507959461957498,337.5,336.5,336,335.5,335,338,338.5,339,339.5,340
1683507960185205433,337.5,336.5,336,335.5,335,338,338.5,339,339.5,340
1683507960304304933,337.5,337,336.5,336,335.5,338,338.5,339,339.5,340
1683507960986434892,337.5,337,336.5,336,335.5,338,338.5,339,339.5,340
1683507962874819093,337.5,337,336.5,336,335.5,338,338.5,339,339.5,340
1683507963328918451,337.5,337,336.5,336,335.5,338,338.5,339,339.5,340
1683507963699598455,337,336.5,336,335.5,335,338,338.5,339,339.5,340
1683507963720234929,337,336.5,336,335.5,335,338,338.5,339,339.5,340
1683507963742526560,337,336.5,336,335.5,335,338,338.5,339,339.5,340
1683507963742622951,337,336.5,336,335.5,335,338,338.5,339,339.5,340
1683507963805153728,337,336.5,336,335.5,335,338,338.5,339,339.5,340
1683507963959697081,337,336.5,336,335.5,335,338,338.5,339,339.5,340
1683507964214781483,337,336.5,336,335.5,335,338,338.5,339,339.5,340
1683507964237380571,337,336.5,336,335.5,335,338,338.5,339,339.5,340
1683507964899773686,337,336.5,336,335.5,335,338,338.5,339,339.5,340
1683507965221336235,337.5,337,336.5,336,335.5,338,338.5,339,339.5,340
1683507965254243506,337.5,337,336.5,336,335.5,338,338.5,339,339.5,340
1683507965264336595,337.5,337,336.5,336,335.5,338,338.5,339,339.5,340
1683507965287001227,337.5,337,336.5,336,335.5,338,338.5,339,339.5,340
1683507965345079013,337.5,337,336.5,336,335.5,338,338.5,339,339.5,340
1683507965671004404,337.5,337,336.5,336,335.5,338,338.5,339,339.5,340
1683507966089846329,337.5,337,336.5,336,335.5,338,338.5,339,339.5,340
1683507966745002486,337.5,337,336.5,336,335.5,338,338.5,339,339.5,340
1683507966787133043,337.5,337,336.5,336,335.5,338,338.5,339,339.5,340
1683507967492678001,337.5,337,336.5,336,335.5,338,338.5,339,339.5,340
1683507967888800071,337.5,337,336.5,336,335.5,338,338.5,339,339.5,340
1683507968231945381,337.5,337,336.5,336,335.5,338,338.5,339,339.5,340
1683507969016488373,337.5,337,336.5,336,335.5,338,338.5,339,339.5,340
1683507969938909911,337.5,337,336.5,336,335.5,338,338.5,339,339.5,340
1683507969987656108,337.5,337,336.5,336,335.5,338,338.5,339,339.5,340
1683507969987656108,337,336.5,336,335.5,335,338,338.5,339,339.5,340
1683507970020314482,337,336.5,336,335.5,335,338,338.5,339,339.5,340
1683507970042388113,337,336.5,336,335.5,335,338,338.5,339,339.5,340
1683507970157093093,337,336.5,336,335.5,335,337.5,338,338.5,339,339.5
1683507970200011961,337,336.5,336,335.5,335,337.5,338,338.5,339,339.5
1683507970747952078,337,336.5,336,335.5,335,337.5,338,338.5,339,339.5
1683507971250749192,337,336.5,336,335.5,335,337.5,338,338.5,339,339.5
1683507971275239481,337,336.5,336,335.5,335,337.5,338,338.5,339,339.5
1683507972103244789,337,336.5,336,335.5,335,337.5,338,338.5,339,339.5
1683507972895271651,337,336.5,336,335.5,335,337.5,338,338.5,339,339.5
1683507973660491415,337,336.5,336,335.5,335,337.5,338,338.5,339,339.5
1683507976373970330,337,336.5,336,335.5,335,337.5,338,338.5,339,339.5
1683507976593847704,337,336.5,336,335.5,335,337.5,338,338.5,339,339.5
1683507977052876326,337,336.5,336,335.5,335,337.5,338,338.5,339,339.5
1683507977374277904,337,336.5,336,335.5,335,337.5,338,338.5,339,339.5
1683507977650304083,337,336.5,336,335.5,335,337.5,338,338.5,339,339.5
1683507978254923992,337,336.5,336,335.5,335,337.5,338,338.5,339,339.5
1683507979082279651,337,336.5,336,335.5,335,337.5,338,338.5,339,339.5
1683507979268550270,337,336.5,336,335.5,335,337.5,338,338.5,339,339.5
1683507979301476206,337,336.5,336,335.5,335,337.5,338,338.5,339,339.5
1683507979432568933,337,336.5,336,335.5,335,337.5,338,338.5,339,339.5
1683507979726409827,337,336.5,336,335.5,335,337.5,338,338.5,339,339.5
1683507980696191821,337,336.5,336,335.5,335,337.5,338,338.5,339,339.5
1683507982242440368,337,336.5,336,335.5,335,337.5,338,338.5,339,339.5
1683507982970779471,337,336.5,336,335.5,335,337.5,338,338.5,339,339.5
1683507983399965476,337,336.5,336,335.5,335,337.5,338,338.5,339,339.5
1683507984747158762,337.5,337,336.5,336,335.5,338,338.5,339,339.5,340
1683507984767693364,337.5,337,336.5,336,335.5,338,338.5,339,339.5,340
1683507985017555582,337.5,337,336.5,336,335.5,338,338.5,339,339.5,340
1683507985047120798,337,336.5,336,335.5,335,338,338.5,339,339.5,340
1683507985070624395,337,336.5,336,335.5,335,338,338.5,339,339.5,340
1683507985080907070,337,336.5,336,335.5,335,337.5,338,338.5,339,339.5
1683507985125983678,337,336.5,336,335.5,335,337.5,338,338.5,339,339.5
1683507985405629762,337,336.5,336,335.5,335,337.5,338,338.5,339,339.5
1683507985760150789,337,336.5,336,335.5,335,337.5,338,338.5,339,339.5
1683507986133671777,337,336.5,336,335.5,335,337.5,338,338.5,339,339.5
1683507986462550172,337,336.5,336,335.5,335,337.5,338,338.5,339,339.5
1683507986485532219,337,336.5,336,335.5,335,337.5,338,338.5,339,339.5
1683507986942713073,337,336.5,336,335.5,335,337.5,338,338.5,339,339.5
1683507987124854279,337,336.5,336,335.5,335,337.5,338,338.5,339,339.5
1683507988709135520,0,0,0,0,0,0,0,0,0,0
1683507988709135520,336.5,336,335.5,335,334.5,337.5,338,338.5,339,339.5
1683507988739749606,336.5,336,335.5,335,334.5,337.5,338,338.5,339,339.5
1683507988739749606,336.5,336,335.5,335,334.5,337.5,338,338.5,339,339.5
1683507988749922254,336.5,336,335.5,335,334.5,337.5,338,338.5,339,339.5
1683507988749922254,336.5,336,335.5,335,334.5,337.5,338,338.5,339,339.5
1683507988770442239,336.5,336,335.5,335,334.5,337.5,338,338.5,339,339.5
1683507989239368052,336.5,336,335.5,335,334.5,337.5,338,338.5,339,339.5
1683507989629129280,337,336.5,336,335.5,335,337.5,338,338.5,339,339.5
1683507989661489634,337,336.5,336,335.5,335,337.5,338,338.5,339,339.5
1683507990368991036,337,336.5,336,335.5,335,337.5,338,338.5,339,339.5
1683507990496925574,337,336.5,336,335.5,335,337.5,338,338.5,339,339.5
1683507991128733025,337,336.5,336,335.5,335,337.5,338,338.5,339,339.5
1683507991519380517,336.5,336,335.5,335,334.5,337.5,338,338.5,339,339.5
1683507991553938748,336.5,336,335.5,335,334.5,337.5,338,338.5,339,339.5
1683507991576351837,336.5,336,335.5,335,334.5,337.5,338,338.5,339,339.5
1683507992858603098,336.5,336,335.5,335,334.5,337.5,338,338.5,339,339.5
1683507992937641026,336.5,336,335.5,335,334.5,337,337.5,338,338.5,339
1683507994667823005,336.5,336,335.5,335,334.5,337,337.5,338,338.5,339
1683507995917991163,336.5,336,335.5,335,334.5,337,337.5,338,338.5,339
1683507995964182434,336.5,336,335.5,335,334.5,337,337.5,338,338.5,339
1683507996708526094,336.5,336,335.5,335,334.5,337,337.5,338,338.5,339
1683507997791271558,336.5,336,335.5,335,334.5,337,337.5,338,338.5,339
1683507998598927503,336.5,336,335.5,335,334.5,337,337.5,338,338.5,339
1683507998968710753,336.5,336,335.5,335,334.5,337,337.5,338,338.5,339
1683508000493065687,336.5,336,335.5,335,334.5,337,337.5,338,338.5,339
1683508002945776731,336.5,336,335.5,335,334.5,337,337.5,338,338.5,339
1683508004425512385,336.5,336,335.5,335,334.5,337,337.5,338,338.5,339
1683508004809183108,336.5,336,335.5,335,334.5,337,337.5,338,338.5,339
1683508005043086735,336.5,336,335.5,335,334.5,337,337.5,338,338.5,339
1683508006145821849,336.5,336,335.5,335,334.5,337,337.5,338,338.5,339
1683508007692523176,336.5,336,335.5,335,334.5,337,337.5,338,338.5,339
1683508007982032799,336.5,336,335.5,335,334.5,337,337.5,338,338.5,339
1683508008212313233,336.5,336,335.5,335,334.5,337,337.5,338,338.5,339
1683508008713151370,336.5,336,335.5,335,334.5,337,337.5,338,338.5,339
1683508009571191998,336.5,336,335.5,335,334.5,337,337.5,338,338.5,339
1683508009636678894,336.5,336,335.5,335,334.5,337.5,338,338.5,339,339.5
1683508009668530574,336.5,336,335.5,335,334.5,337.5,338,338.5,339,339.5
1683508009668530574,336.5,336,335.5,335,334.5,337.5,338,338.5,339,339.5
1683508009668530574,336.5,336,335.5,335,334.5,337.5,338,338.5,339,339.5
1683508009668566100,336.5,336,335.5,335,334.5,337.5,338,338.5,339,339.5
1683508009679843713,336.5,336,335.5,335,334.5,337.5,338,338.5,339,339.5
1683508009728973641,336.5,336,335.5,335,334.5,337.5,338,338.5,339,339.5
1683508009802641797,336.5,336,335.5,335,334.5,337.5,338,338.5,339,339.5
1683508009886662430,336.5,336,335.5,335,334.5,337.5,338,338.5,339,339.5
1683508010174411127,336.5,336,335.5,335,334.5,337.5,338,338.5,339,339.5
1683508010259313715,336.5,336,335.5,335,334.5,337.5,338,338.5,339,339.5
1683508010381230154,336.5,336,335.5,335,334.5,337.5,338,338.5,339,339.5
1683508010702939319,336.5,336,335.5,335,334.5,337.5,338,338.5,339,339.5
1683508012102781920,336.5,336,335.5,335,334.5,337.5,338,338.5,339,339.5
1683508013522309007,336.5,336,335.5,335,334.5,337,337.5,338,338.5,339
1683508013546304567,336.5,336,335.5,335,334.5,337,337.5,338,338.5,339
1683508013579104928,336.5,336,335.5,335,334.5,337,337.5,338,338.5,339
1683508013622263244,336.5,336,335.5,335,334.5,337,337.5,338,338.5,339
1683508014281652879,336.5,336,335.5,335,334.5,337,337.5,338,338.5,339
1683508015973250439,336.5,336,335.5,335,334.5,337,337.5,338,338.5,339
1683508016079807923,336.5,336,335.5,335,334.5,337,337.5,338,338.5,339
1683508016453563852,336.5,336,335.5,335,334.5,337,337.5,338,338.5,339
1683508016844971260,336.5,336,335.5,335,334.5,337,337.5,338,338.5,339
1683508017553225916,336.5,336,335.5,335,334.5,337,337.5,338,338.5,339
1683508020340759234,336.5,336,335.5,335,334.5,337,337.5,338,338.5,339
1683508021263470355,336.5,336,335.5,335,334.5,337,337.5,338,338.5,339
1683508022088050363,336.5,336,335.5,335,334.5,337,337.5,338,338.5,339
1683508022899128753,336.5,336,335.5,335,334.5,337,337.5,338,338.5,339
1683508023042199818,336.5,336,335.5,335,334.5,337,337.5,338,338.5,339
1683508023437207356,336.5,336,335.5,335,334.5,337,337.5,338,338.5,339
1683508023962276574,336.5,336,335.5,335,334.5,337,337.5,338,338.5,339
1683508024320113998,336.5,336,335.5,335,334.5,337,337.5,338,338.5,339
1683508025111057696,336.5,336,335.5,335,334.5,337,337.5,338,338.5,339
1683508025554934362,336.5,336,335.5,335,334.5,337,337.5,338,338.5,339
1683508025895943411,336.5,336,335.5,335,334.5,337,337.5,338,338.5,339
1683508027217098762,336.5,336,335.5,335,334.5,337,337.5,338,338.5,339
1683508027872362422,336.5,336,335.5,335,334.5,337,337.5,338,338.5,339
1683508027915249008,336.5,336,335.5,335,334.5,337,337.5,338,338.5,339
1683508029153532524,336.5,336,335.5,335,334.5,337,337.5,338,338.5,339
1683508029236319059,336.5,336,335.5,335,334.5,337,337.5,338,338.5,339
1683508029329533092,336.5,336,335.5,335,334.5,337,337.5,338,338.5,339
1683508030099488075,336.5,336,335.5,335,334.5,337,337.5,338,338.5,339
1683508032576605871,336.5,336,335.5,335,334.5,337,337.5,338,338.5,339
1683508032576605871,336.5,336,335.5,335,334.5,337,337.5,338,338.5,339
1683508034187440363,336.5,336,335.5,335,334.5,337,337.5,338,338.5,339
1683508034861173097,336.5,336,335.5,335,334.5,337,337.5,338,338.5,339
1683508036285046173,336.5,336,335.5,335,334.5,337,337.5,338,338.5,339
1683508038938857688,336.5,336,335.5,335,334.5,337,337.5,338,338.5,339
1683508041560937609,336.5,336,335.5,335,334.5,337,337.5,338,338.5,339
1683508043088161509,336.5,336,335.5,335,334.5,337,337.5,338,338.5,339
1683508043322558052,336.5,336,335.5,335,334.5,337,337.5,338,338.5,339
1683508044379507316,336,335.5,335,334.5,334,337,337.5,338,338.5,339
1683508044422506083,336,335.5,335,334.5,334,337,337.5,338,338.5,339
1683508044455168384,336,335.5,335,334.5,334,337,337.5,338,338.5,339
1683508045817064994,336,335.5,335,334.5,334,337,337.5,338,338.5,339
1683508047039850714,336,335.5,335,334.5,334,336.5,337,337.5,338,338.5
1683508047061449334,336,335.5,335,334.5,334,336.5,337,337.5,338,338.5
1683508049462512853,336,335.5,335,334.5,334,336.5,337,337.5,338,338.5
1683508050463160355,336,335.5,335,334.5,334,336.5,337,337.5,338,338.5
1683508050765406469,336,335.5,335,334.5,334,336.5,337,337.5,338,338.5
1683508051769614836,336,335.5,335,334.5,334,336.5,337,337.5,338,338.5
1683508052430505249,336,335.5,335,334.5,334,336.5,337,337.5,338,338.5
1683508052527474262,336,335.5,335,334.5,334,337,337.5,338,338.5,339
1683508052945248772,336,335.5,335,334.5,334,337,337.5,338,338.5,339
1683508052968813714,336,335.5,335,334.5,334,337,337.5,338,338.5,339
1683508053602654583,336,335.5,335,334.5,334,337,337.5,338,338.5,339
1683508054296171951,336.5,336,335.5,335,334.5,337,337.5,338,338.5,339
1683508054316431336,336.5,336,335.5,335,334.5,337,337.5,338,338.5,339
1683508054316541192,336.5,336,335.5,335,334.5,337,337.5,338,338.5,339
1683508054337152148,336,335.5,335,334.5,334,337,337.5,338,338.5,339
1683508054619430134,336,335.5,335,334.5,334,337,337.5,338,338.5,339
1683508054652278294,336,335.5,335,334.5,334,337,337.5,338,338.5,339
1683508054762770224,336.5,336,335.5,335,334.5,337,337.5,338,338.5,339
1683508054786946363,336.5,336,335.5,335,334.5,337,337.5,338,338.5,339
1683508054997375619,336,335.5,335,334.5,334,337,337.5,338,338.5,339
1683508055181805152,336,335.5,335,334.5,334,337,337.5,338,338.5,339
1683508055214404875,336,335.5,335,334.5,334,337,337.5,338,338.5,339
1683508055320811786,336,335.5,335,334.5,334,336.5,337,337.5,338,338.5
1683508055592882930,336,335.5,335,334.5,334,336.5,337,337.5,338,338.5
1683508057084215456,336,335.5,335,334.5,334,336.5,337,337.5,338,338.5
1683508057354557604,336.5,336,335.5,335,334.5,337,337.5,338,338.5,339
1683508057378321529,336.5,336,335.5,335,334.5,337,337.5,338,338.5,339
1683508058646049364,336.5,336,335.5,335,334.5,337,337.5,338,338.5,339
1683508060050901500,336.5,336,335.5,335,334.5,337,337.5,338,338.5,339
1683508061047364586,336.5,336,335.5,335,334.5,337,337.5,338,338.5,339
