Timestamp,BidPrice0,BidPrice1,BidPrice2,BidPrice3,BidPrice4,AskPrice0,AskPrice1,AskPrice2,AskPrice3,AskPrice4
1683844214081783705,0,0,0,0,0,0,0,0,0,0
1683851414200284829,313,310,302,293,285.5,320.5,323,324,325,327
1683851419215955865,314,313,310,303,302,320.5,323,324,325,327
1683851424225387286,314,313,310,303,302,317,320.5,323,324,325
1683851429236056681,314,313,310,303,302,317,320.5,323,324,325
1683851434263824087,314,313,310,309,307,316,317,320,320.5,321
1683851439267181134,314,313,310,309.5,309,316,317,320,320.5,321
1683851449308572092,314,313,310,309.5,309,317,320,320.5,321,321.5
1683851454324206530,314,313,310,309.5,309,317,320,320.5,321,321.5
1683851459335881324,315,314,313.5,313,310,317,320,320.5,321,321.5
1683851464351348037,315,314,313.5,313,310,317,320,320.5,321,321.5
1683851469369000093,315,314,313.5,313,310,317,320,320.5,321,321.5
1683851479396081148,315,314,313.5,313,312,317,320,320.5,321,321.5
1683851484405488195,315,314,313.5,313,312,317,320,320.5,321,321.5
1683851494453193271,315,314,313.5,313,312,317,319.5,320,320.5,321
1683851499472729145,315,314,313.5,313,312,317,319.5,320,320.5,321
1683851504476107384,315,314,313.5,313,312,317,319.5,320,320.5,321
1683851519533072714,315,314,313.5,313,312,317,319.5,320,320.5,321
1683851529568432575,315,314,313.5,313,312,317,319.5,320,320.5,321
1683851564689993426,315,314,313.5,313,312,317,319.5,320,320.5,321
1683851569687096657,315,314,313.5,313,312,317,319.5,320,320.5,321
1683851579726474094,317,315,314,313.5,313,319.5,320,320.5,321,321.5
1683851634918577160,317,315,314,313.5,313,319.5,320,320.5,321,321.5
1683851639920028977,317,315,314,313.5,313,319,319.5,320,320.5,321
1683851705137196500,317,315,314,313.5,313,319,319.5,320,320.5,321
1683851740260685963,317,315,314,313.5,313,319,319.5,320,320.5,321
1683851775357699448,317,315,314,313.5,313,319,319.5,320,320.5,321
1683851890728887130,317,315,314,313.5,313,319,319.5,320,320.5,321
1683851925829871715,317,315,314,313.5,313,319,319.5,320,320.5,321
1683851970980674331,317,315,314,313.5,313,319,319.5,320,320.5,321
1683851976006437802,317,315,314,313.5,313,319,319.5,320,320.5,321
1683852042008140092,317,315,314,313.5,313,319,319.5,320,320.5,321
1683852132321672423,317,315,314,313.5,313,319,319.5,320,320.5,321
1683852162435875999,317,315,314,313.5,313,319,319.5,320,320.5,321
1683852197543027449,317,315,314,313.5,313,319,319.5,320,320.5,321
1683852227642738527,317,315,314,313.5,313,319,319.5,320,320.5,321
1683852237678050483,319,318,317,315,314,320,320.5,321,321.5,322
1683852257742512128,319,318,317.5,317,315,320,320.5,321,321.5,322
1683852262762339544,319.5,319,318,317.5,317,320,320.5,321,321.5,322
1683852297867610103,319.5,319,318,317.5,317,320,320.5,321,321.5,322
1683852312908158527,319.5,319,318,317.5,317,320,320.5,321,321.5,322
1683852327975391381,317,315,314,313.5,313,319,319.5,320,320.5,321
1683852333003298407,317,316,315,314,313.5,319,319.5,320,320.5,321
1683852343013973916,317,316,315,314,313.5,319,319.5,320,320.5,321
1683852373113812870,317,316,315,314,313.5,319,319.5,320,320.5,321
1683852458391409822,316,315,314,313.5,313,319,319.5,320,320.5,321
1683852538641107806,316,315,314,313.5,313,319,319.5,320,320.5,321
1683852543646524545,316,315,314,313.5,313,317,319,319.5,320,320.5
1683852594205909958,316,315,314,313.5,313,319,319.5,320,320.5,321
1683852599436667810,316,315,314,313.5,313,317,319,319.5,320,320.5
1683852604655035120,317,316,315,314,313.5,319,319.5,320,320.5,321
1683852609664364827,316,315,314,313.5,313,319,319.5,320,320.5,321
1683852649801702385,316,315,314,313.5,313,319,319.5,320,320.5,321
1683852684916954047,316,315,314,313.5,313,317,319,319.5,320,320.5
1683852740078585421,316,315,314,313.5,313,317,319,319.5,320,320.5
1683852755147733569,316,315,314,313.5,313,317,319,319.5,320,320.5
1683852760169538368,316,315,314,313.5,313,319,319.5,320,320.5,321
1683852765177035233,316,315,314,313.5,313,319,319.5,320,320.5,321
1683852790255014056,317,316,315,314,313.5,319,319.5,320,320.5,321
1683852795282957649,317,316,315,314,313.5,319,319.5,320,320.5,321
1683852805295929010,317,316,315,314,313.5,319,319.5,320,320.5,321
1683852835403621600,317,316,315,314,313.5,319,319.5,320,320.5,321
1683852890565054568,317,316,315,314.5,314,319,319.5,320,320.5,321
1683852900606530119,317,316,315,314.5,314,319,319.5,320,320.5,321
1683852910641841776,317,316,315,314.5,314,319,319.5,320,320.5,321
1683852915653384912,317,316,315,314.5,314,319,319.5,320,320.5,321
1683852930708270171,317,316,315,314.5,314,319,319.5,320,320.5,321
1683852940745636654,317,316,315,314.5,314,319,319.5,320,320.5,321
1683852960812196642,317,316,315,314.5,314,319,319.5,320,320.5,321
1683852965807423473,317,316,315,314.5,314,319,319.5,320,320.5,321
1683852980860218462,317,316,315,314.5,314,319,319.5,320,320.5,321
1683853036050443760,317,316,315,314.5,314,319,319.5,320,320.5,321
1683853041062002161,317,316,315,314.5,314,319,319.5,320,320.5,321
1683853046073457638,317,316,315,314.5,314,319,319.5,320,320.5,321
1683853071161797732,317,316.5,316,315,314.5,319,319.5,320,320.5,321
1683853076169113726,317,316.5,316,315,314.5,319,319.5,320,320.5,321
1683853111278462112,317,316.5,316,315,314.5,319,319.5,320,320.5,321
1683853116296269202,317,316.5,316,315,314.5,319,319.5,320,320.5,321
1683853121309571123,317,316.5,316,315,314.5,319,319.5,320,320.5,321
1683853126331369156,317,316.5,316,315,314.5,319,319.5,320,320.5,321
1683853131344907631,317,316.5,316,315,314.5,319,319.5,320,320.5,321
1683853141382224356,317,316.5,316,315,314.5,319,319.5,320,320.5,321
1683853146397860599,317,316.5,316,315,314.5,319,319.5,320,320.5,321
1683853156439348885,317,316.5,316,315,314.5,319,319.5,320,320.5,321
1683853166470631348,317,316.5,316,315,314.5,319,319.5,320,320.5,321
1683853171484208825,317,316.5,316,315,314.5,319,319.5,320,320.5,321
1683853176503906773,317,316.5,316,315,314.5,317.5,319,319.5,320,320.5
1683853181513353835,317,316.5,316,315,314.5,317.5,319,319.5,320,320.5
1683853186735742003,317,316.5,316,315,314.5,317.5,319,319.5,320,320.5
1683853191956174528,317,316.5,316,315,314.5,317.5,319,319.5,320,320.5
1683853197180797852,316.5,316,315,314.5,314,317,317.5,319,319.5,320
1683853214032251122,316.5,316,315,314.5,314,317,317.5,319,319.5,320
1683853214062871371,316.5,316,315,314.5,314,317,317.5,319,319.5,320
1683853214141484317,316.5,316,315,314.5,314,317,317.5,319,319.5,320
1683853214151016553,316.5,316,315,314.5,314,317,317.5,319,319.5,320
1683853214228685497,316.5,316,315,314.5,314,317,317.5,318,319,319.5
1683853214423349277,316.5,316,315,314.5,314,317,317.5,318,319,319.5
1683853214423349277,316.5,316,315,314.5,314,317,317.5,318,319,319.5
1683853214423349277,316.5,316,315,314.5,314,317,317.5,318,319,319.5
1683853214467310825,316.5,316,315,314.5,314,317,317.5,318,319,319.5
1683853214878401196,316.5,316,315,314.5,314,317,317.5,318,319,319.5
1683853215162467770,316.5,316,315,314.5,314,317,317.5,318,319,319.5
1683853216784562577,316,315,314.5,314,313.5,317,317.5,318,319,319.5
1683853216817295413,316,315,314.5,314,313.5,317,317.5,318,319,319.5
1683853216851918147,316,315,314.5,314,313.5,317,317.5,318,319,319.5
1683853216852137379,316,315,314.5,314,313.5,317,317.5,318,319,319.5
1683853217004605347,316,315,314.5,314,313.5,317,317.5,318,319,319.5
1683853218073833099,316,315,314.5,314,313.5,317,317.5,318,319,319.5
1683853218563887704,316,315,314.5,314,313.5,317,317.5,318,319,319.5
1683853221365142211,316,315,314.5,314,313.5,317,317.5,318,319,319.5
1683853222267954938,316,315,314.5,314,313.5,317,317.5,318,319,319.5
1683853222334530604,316.5,316,315,314.5,314,317,317.5,318,319,319.5
1683853222367348990,316.5,316,315,314.5,314,317,317.5,318,319,319.5
1683853222400001355,316.5,316,315,314.5,314,317,317.5,318,319,319.5
1683853222400024589,316.5,316,315,314.5,314,317,317.5,318,319,319.5
1683853222443003812,316.5,316,315,314.5,314,317,317.5,318,319,319.5
1683853223010978212,316.5,316,315,314.5,314,317,317.5,318,319,319.5
1683853223311368444,316.5,316,315,314.5,314,317,317.5,318,319,319.5
1683853224651792435,316.5,316,315,314.5,314,317,317.5,318,319,319.5
1683853225937066042,316.5,316,315,314.5,314,317,317.5,318,319,319.5
1683853225969738996,316.5,316,315,314.5,314,317,317.5,318,319,319.5
1683853225969738996,316.5,316,315,314.5,314,317.5,318,319,319.5,320
1683853226002715459,316.5,316,315,314.5,314,317.5,318,319,319.5,320
1683853226035241156,316.5,316,315,314.5,314,317.5,318,319,319.5,320
1683853226035241156,316.5,316,315,314.5,314,318,319,319.5,320,320.5
1683853226067309995,316.5,316,315,314.5,314,318,319,319.5,320,320.5
1683853226109949130,316.5,316,315,314.5,314,317.5,318,319,319.5,320
1683853226150946131,316.5,316,315,314.5,314,318,319,319.5,320,320.5
1683853226584107951,316.5,316,315,314.5,314,317,318,319,319.5,320
1683853226615836862,316.5,316,315,314.5,314,318,319,319.5,320,320.5
1683853226615836862,316.5,316,315,314.5,314,319,319.5,320,320.5,321
1683853226615941228,317,316.5,316,315,314.5,319,319.5,320,320.5,321
1683853226648762360,317,316.5,316,315,314.5,319,319.5,320,320.5,321
1683853226648762360,317,316.5,316,315,314.5,319,319.5,320,320.5,321
1683853226648762360,317,316.5,316,315,314.5,319,319.5,320,320.5,321
1683853226658870167,317,316.5,316,315,314.5,319,319.5,320,320.5,321
1683853226682247077,317,316.5,316,315,314.5,319,319.5,320,320.5,321
1683853226715381477,317,316.5,316,315,314.5,319,319.5,320,320.5,321
1683853226728561011,317,316.5,316,315,314.5,319,319.5,320,320.5,321
1683853226728669535,317,316.5,316,315,314.5,319,319.5,320,320.5,321
1683853226728779892,317.5,317,316.5,316,315,319,319.5,320,320.5,321
1683853226760287117,317.5,317,316.5,316,315,319,319.5,320,320.5,321
1683853226760287117,317,316.5,316,315,314.5,319,319.5,320,320.5,321
1683853226760394889,317.5,317,316.5,316,315,319,319.5,320,320.5,321
1683853226760394889,317.5,317,316.5,316,315,319,319.5,320,320.5,321
1683853226760449943,317.5,317,316.5,316,315,319,319.5,320,320.5,321
1683853226783729240,317.5,317,316.5,316,315,319,319.5,320,320.5,321
1683853226794084592,317.5,317,316.5,316,315,319,319.5,320,320.5,321
1683853226794084592,317.5,317,316.5,316,315,319,319.5,320,320.5,321
1683853226794084592,317.5,317,316.5,316,315,319,319.5,320,320.5,321
1683853226794084592,317.5,317,316.5,316,315,319,319.5,320,320.5,321
1683853226817261416,317.5,317,316.5,316,315,319,319.5,320,320.5,321
1683853226826903619,317.5,317,316.5,316,315,319,319.5,320,320.5,321
1683853226837199390,317.5,317,316.5,316,315,319,319.5,320,320.5,321
1683853226837199390,317.5,317,316.5,316,315,319,319.5,320,320.5,321
1683853226837199390,317.5,317,316.5,316,315,319,319.5,320,320.5,321
1683853226934453013,317.5,317,316.5,316,315,319,319.5,320,320.5,321
1683853227299973917,317.5,317,316.5,316,315,319,319.5,320,320.5,321
1683853227729297942,317.5,317,316.5,316,315,319,319.5,320,320.5,321
1683853228308546238,317.5,317,316.5,316,315,319,319.5,320,320.5,321
1683853228341346791,317.5,317,316.5,316,315,319,319.5,320,320.5,321
1683853230006611600,317.5,317,316.5,316,315,319,319.5,320,320.5,321
1683853230307835938,317.5,317,316.5,316,315,319,319.5,320,320.5,321
1683853230756462723,317.5,317,316.5,316,315,319,319.5,320,320.5,321
1683853230980213635,317.5,317,316.5,316,315,319,319.5,320,320.5,321
1683853231197155152,318,317.5,317,316.5,316,319,319.5,320,320.5,321
1683853231227966821,318,317.5,317,316.5,316,319,319.5,320,320.5,321
1683853231264246445,318,317.5,317,316.5,316,319,319.5,320,320.5,321
1683853231264246445,318,317.5,317,316.5,316,319,319.5,320,320.5,321
1683853231292588798,318,317.5,317,316.5,316,319,319.5,320,320.5,321
1683853231429836069,318,317.5,317,316.5,316,319,319.5,320,320.5,321
1683853231878287095,318,317.5,317,316.5,316,319,319.5,320,320.5,321
1683853232305272849,318,317.5,317,316.5,316,319,319.5,320,320.5,321
1683853233679840325,318,317.5,317,316.5,316,319,319.5,320,320.5,321
1683853233712914101,318,317.5,317,316.5,316,319,319.5,320,320.5,321
1683853235188509306,318,317.5,317,316.5,316,319,319.5,320,320.5,321
1683853235310718012,318,317.5,317,316.5,316,319,319.5,320,320.5,321
1683853235896451014,318,317.5,317,316.5,316,319,319.5,320,320.5,321
1683853235896451014,318,317.5,317,316.5,316,319,319.5,320,320.5,321
1683853236039311033,318,317.5,317,316.5,316,319,319.5,320,320.5,321
1683853236135149359,318,317.5,317,316.5,316,319,319.5,320,320.5,321
1683853236135149359,318,317.5,317,316.5,316,319,319.5,320,320.5,321
1683853237048924308,318,317.5,317,316.5,316,319,319.5,320,320.5,321
1683853237527198857,318,317.5,317,316.5,316,319,319.5,320,320.5,321
1683853238126011787,318,317.5,317,316.5,316,319,319.5,320,320.5,321
1683853238149666278,318,317.5,317,316.5,316,319,319.5,320,320.5,321
1683853238482027445,318,317.5,317,316.5,316,319,319.5,320,320.5,321
1683853239559917680,318,317.5,317,316.5,316,319,319.5,320,320.5,321
1683853239615055691,318,317.5,317,316.5,316,319,319.5,320,320.5,321
1683853240391893652,318,317.5,317,316.5,316,319,319.5,320,320.5,321
1683853240420692251,318,317.5,317,316.5,316,319,319.5,320,320.5,321
1683853240864543280,318,317.5,317,316.5,316,319,319.5,320,320.5,321
1683853240917459480,318,317.5,317,316.5,316,319,319.5,320,320.5,321
1683853242471768600,318,317.5,317,316.5,316,319,319.5,320,320.5,321
1683853242539532486,318,317.5,317,316.5,316,319,319.5,320,320.5,321
1683853242709780136,318,317.5,317,316.5,316,319,319.5,320,320.5,321
1683853243808018044,318,317.5,317,316.5,316,319,319.5,320,320.5,321
1683853245245786739,318,317.5,317,316.5,316,319,319.5,320,320.5,321
1683853245373039396,318,317.5,317,316.5,316,319,319.5,320,320.5,321
1683853245522522079,318,317.5,317,316.5,316,319,319.5,320,320.5,321
1683853245608341154,318,317.5,317,316.5,316,319,319.5,320,320.5,321
1683853246510008491,318,317.5,317,316.5,316,319,319.5,320,320.5,321
1683853246604775807,318.5,318,317.5,317,316.5,319,319.5,320,320.5,321
1683853246635206610,318.5,318,317.5,317,316.5,319,319.5,320,320.5,321
1683853246635206610,318.5,318,317.5,317,316.5,319,319.5,320,320.5,321
1683853246635222530,318.5,318,317.5,317,316,319,319.5,320,320.5,321
1683853246887122892,318.5,318,317.5,317,316,319,319.5,320,320.5,321
1683853246970208565,318.5,318,317.5,317,316,319,319.5,320,320.5,321
1683853247038827798,318.5,318,317.5,317,316,319,319.5,320,320.5,321
1683853247114588538,318.5,318,317.5,317,316,319,319.5,320,320.5,321
1683853247807999074,318.5,318,317.5,317,316,319,319.5,320,320.5,321
1683853247863476753,318.5,318,317.5,317,316,319,319.5,320,320.5,321
1683853250045237802,318.5,318,317.5,317,316,319,319.5,320,320.5,321
1683853251342501951,318.5,318,317.5,317,316,319,319.5,320,320.5,321
1683853252253121816,318.5,318,317.5,317,316,319,319.5,320,320.5,321
1683853253974414387,318.5,318,317.5,317,316,319,319.5,320,320.5,321
1683853254137488608,318.5,318,317.5,317,316,319,319.5,320,320.5,321
1683853254178356568,318.5,318,317.5,317,316,319,319.5,320,320.5,321
1683853254178403456,318.5,318,317.5,317,316,319,319.5,320,320.5,321
1683853256609178317,318.5,318,317.5,317,316.5,319,319.5,320,320.5,321
1683853257331284679,318.5,318,317.5,317,316.5,319,319.5,320,320.5,321
1683853258079742977,318.5,318,317.5,317,316.5,319,319.5,320,320.5,321
1683853258126038787,318.5,318,317.5,317,316.5,319,319.5,320,320.5,321
1683853258126038787,318.5,318,317.5,317,316.5,319,319.5,320,320.5,321
1683853258508729067,318.5,318,317.5,317,316.5,319,319.5,320,320.5,321
1683853259564437636,318.5,318,317.5,317,316.5,319,319.5,320,320.5,321
1683853260716764005,318.5,318,317.5,317,316.5,319,319.5,320,320.5,321
1683853261094995142,318.5,318,317.5,317,316.5,319,319.5,320,320.5,321
1683853262752535538,318.5,318,317.5,317,316.5,319,319.5,320,320.5,321
1683853263103671214,318.5,318,317.5,317,316.5,319,319.5,320,320.5,321
1683853263654624116,318.5,318,317.5,317,316.5,319,319.5,320,320.5,321
1683853263879330462,318.5,318,317.5,317,316.5,319,319.5,320,320.5,321
1683853263987343536,318.5,318,317.5,317,316.5,319,319.5,320,320.5,321
1683853264999468096,318.5,318,317.5,317,316.5,319,319.5,320,320.5,321
1683853265689169919,318.5,318,317.5,317,316.5,319,319.5,320,320.5,321
1683853265941093755,318.5,318,317.5,317,316.5,319,319.5,320,320.5,321
1683853266031171656,318.5,318,317.5,317,316.5,319,319.5,320,320.5,321
1683853267041888483,318.5,318,317.5,317,316.5,319.5,320,320.5,321,321.5
1683853267076323314,318.5,318,317.5,317,316.5,319.5,320,320.5,321,321.5
1683853267119648126,318.5,318,317.5,317,316.5,319.5,320,320.5,321,321.5
1683853267397935911,318.5,318,317.5,317,316.5,319.5,320,320.5,321,321.5
1683853267430518755,318.5,318,317.5,317,316.5,319.5,320,321,321.5,322
1683853270848481317,319,318.5,318,317.5,317,319.5,320,321,321.5,322
1683853270878841889,319,318.5,318,317.5,317,319.5,320,321,321.5,322
1683853270878841889,319,318.5,318,317.5,317,319.5,320,321,321.5,322
1683853270891480698,319,318.5,318,317.5,317,319.5,320,321,321.5,322
1683853270912915161,319,318.5,318,317.5,317,319.5,320,321,321.5,322
1683853270957829227,319,318.5,318,317.5,317,319.5,320,321,321.5,322
1683853270983253562,319,318.5,318,317.5,317,319.5,320,321,321.5,322
1683853271233964721,319,318.5,318,317.5,317,319.5,320,321,321.5,322
1683853271897889156,319,318.5,318,317.5,317,319.5,320,321,321.5,322
1683853272716067543,319,318.5,318,317.5,317,319.5,320,321,321.5,322
1683853273733955023,318.5,318,317.5,317,316.5,319.5,320,321,321.5,322
1683853273768603967,318.5,318,317.5,317,316.5,319.5,320,321,321.5,322
1683853273802103482,318.5,318,317.5,317,316.5,319.5,320,321,321.5,322
1683853273902841287,319,318.5,318,317.5,317,319.5,320,321,321.5,322
1683853273935609419,319,318.5,318,317.5,317,319.5,320,321,321.5,322
1683853273970364872,319,318.5,318,317.5,317,319.5,320,321,321.5,322
1683853274117081642,319,318.5,318,317.5,317,319.5,320,321,321.5,322
1683853274694375529,319,318.5,318,317.5,317,319.5,320,321,321.5,322
1683853275603077634,319,318.5,318,317.5,317,319.5,320,321,321.5,322
1683853276977948649,319,318.5,318,317.5,317,319.5,320,321,321.5,322
1683853277348867188,319,318.5,318,317.5,317,319.5,320,321,321.5,322
1683853277348867188,319,318.5,318,317.5,317,319.5,320,321,321.5,322
1683853277774931672,319,318.5,318,317.5,317,319.5,320,321,321.5,322
1683853277840994435,319,318.5,318,317.5,317,319.5,320,321,321.5,322
1683853278560213826,318.5,318,317.5,317,316.5,319.5,320,321,321.5,322
1683853278589718051,318.5,318,317.5,317,316.5,319.5,320,321,321.5,322
1683853278620330185,318.5,318,317.5,317,316.5,319.5,320,321,321.5,322
1683853278924892439,318.5,318,317.5,317,316.5,319.5,320,321,321.5,322
1683853278987985356,318.5,318,317.5,317,316.5,319.5,320,321,321.5,322
1683853281376353027,318.5,318,317.5,317,316.5,319.5,320,321,321.5,322
1683853282946137542,318.5,318,317.5,317,316.5,319.5,320,321,321.5,322
1683853283960097688,318.5,318,317.5,317,316.5,319.5,320,321,321.5,322
1683853284159239246,318.5,318,317.5,317,316.5,319.5,320,321,321.5,322
1683853284272126932,318.5,318,317.5,317,316.5,319.5,320,320.5,321,321.5
1683853284491615351,318.5,318,317.5,317,316.5,319,319.5,320,320.5,321
1683853284525954342,318.5,318,317.5,317,316.5,319,319.5,320,320.5,321
1683853284536023757,318.5,318,317.5,317,316.5,319.5,320,320.5,321,321.5
1683853284592857843,318.5,318,317.5,317,316.5,319,319.5,320,320.5,321
1683853284628071226,318.5,318,317.5,317,316.5,319.5,320,320.5,321,321.5
1683853285507947861,319,318.5,318,317.5,317,319.5,320,320.5,321,321.5
1683853285540687850,319,318.5,318,317.5,317,319.5,320,320.5,321,321.5
1683853285540828424,319,318.5,318,317.5,317,319.5,320,320.5,321,321.5
1683853285920216624,319,318.5,318,317.5,317,319.5,320,320.5,321,321.5
1683853285920216624,319,318.5,318,317.5,317,319.5,320,320.5,321,321.5
1683853286588475067,319,318.5,318,317.5,317,319.5,320,320.5,321,321.5
1683853286622246773,319,318.5,318,317.5,317,319.5,320,320.5,321,321.5
1683853286819639277,319,318.5,318,317.5,317,319.5,320,320.5,321,321.5
1683853290020569581,319,318.5,318,317.5,317,319.5,320,320.5,321,321.5
1683853290698112987,319,318.5,318,317.5,317,319.5,320,320.5,321,321.5
1683853293388575299,319,318.5,318,317.5,317,319.5,320,320.5,321,321.5
1683853293923480632,319,318.5,318,317.5,317,319.5,320,320.5,321,321.5
1683853294802673153,319,318.5,318,317.5,317,319.5,320,320.5,321,321.5
1683853295806476249,319,318.5,318,317.5,317,319.5,320,320.5,321,321.5
1683853295945807293,319,318.5,318,317.5,317,319.5,320,320.5,321,321.5
1683853296553851273,319,318.5,318,317.5,317,319.5,320,320.5,321,321.5
1683853296553851273,319,318.5,318,317.5,317,319.5,320,320.5,321,321.5
1683853296644124390,319,318.5,318,317.5,317,319.5,320,320.5,321,321.5
1683853297723392983,319,318.5,318,317.5,317,319.5,320,320.5,321,321.5
1683853297723392983,319,318.5,318,317.5,317,319.5,320,320.5,321,321.5
1683853297801376878,319,318.5,318,317.5,317,319.5,320,320.5,321,321.5
1683853297836564242,319,318.5,318,317.5,317,320,320.5,321,321.5,322
1683853297868917354,319,318.5,318,317.5,317,320,320.5,321,321.5,322
1683853297868917354,319,318.5,318,317.5,317,320,320.5,321,321.5,322
1683853297902583893,319,318.5,318,317.5,317,320,320.5,321,321.5,322
1683853297902676577,319,318.5,318,317.5,317,320,320.5,321,321.5,322
1683853297937327785,319,318.5,318,317.5,317,320,320.5,321,321.5,322
1683853297957791565,319,318.5,318,317.5,317,320.5,321,321.5,322,322.5
1683853297970625050,319.5,319,318.5,318,317.5,320.5,321,321.5,322,322.5
1683853297992515710,319.5,319,318.5,318,317.5,320.5,321,321.5,322,322.5
1683853298002865882,319.5,319,318.5,318,317.5,320.5,321,321.5,322,322.5
1683853298002865882,319.5,319,318.5,318,317.5,320.5,321,321.5,322,322.5
1683853298002928239,319.5,319,318.5,318,317.5,320.5,321,321.5,322,322.5
1683853298002928239,319.5,319,318.5,318,317.5,320.5,321,321.5,322,322.5
1683853298002928239,319.5,319,318.5,318,317.5,320.5,321,321.5,322,322.5
1683853298025376446,319.5,319,318.5,318,317.5,320.5,321,321.5,322,322.5
1683853299988255093,319.5,319,318.5,318,317.5,320.5,321,321.5,322,322.5
1683853300008779437,319.5,319,318.5,318,317.5,320.5,321,321.5,322,322.5
1683853300451800307,319.5,319,318.5,318,317.5,321,321.5,322,322.5,323
1683853300485169237,319.5,319,318.5,318,317.5,321,321.5,322,322.5,323
1683853300518087261,319.5,319,318.5,318,317.5,321,321.5,322,322.5,323
1683853300714392463,319.5,319,318.5,318,317.5,320.5,321,321.5,322,322.5
1683853300749185196,319.5,319,318.5,318,317.5,320.5,321,321.5,322,322.5
1683853300749263313,319.5,319,318.5,318,317.5,321,321.5,322,322.5,323
1683853300783379145,319.5,319,318.5,318,317.5,321,321.5,322,322.5,323
1683853300783379145,319.5,319,318.5,318,317.5,321,321.5,322,322.5,323
1683853300817642054,319.5,319,318.5,318,317.5,321,321.5,322,322.5,323
1683853301066892701,320,319.5,319,318.5,318,321,321.5,322,322.5,323
1683853301097391683,320,319.5,319,318.5,318,321,321.5,322,322.5,323
1683853301097391683,320,319.5,319,318.5,318,321,321.5,322,322.5,323
1683853301132170971,320,319.5,319,318.5,318,321,321.5,322,322.5,323
1683853304297475057,320,319.5,319,318.5,318,321,321.5,322,322.5,323
1683853304321257528,319.5,319,318.5,318,317.5,321,321.5,322,322.5,323
1683853304321272597,320,319.5,319,318.5,318,321,321.5,322,322.5,323
1683853304351820580,320,319.5,319,318.5,318,321,321.5,322,322.5,323
1683853304351820580,319.5,319,318.5,318,317.5,321,321.5,322,322.5,323
1683853304384364541,319.5,319,318.5,318,317.5,321,321.5,322,322.5,323
1683853304384364541,319.5,319,318.5,318,317.5,321,321.5,322,322.5,323
1683853304405233242,319.5,319,318.5,318,317.5,321,321.5,322,322.5,323
1683853304437662648,319.5,319,318.5,318,317.5,321,321.5,322,322.5,323
1683853306314647340,320,319.5,319,318.5,318,321,321.5,322,322.5,323
1683853306324921249,320,319.5,319,318.5,318,321,321.5,322,322.5,323
1683853306337350064,320,319.5,319,318.5,318,321,321.5,322,322.5,323
1683853306350241959,320,319.5,319,318.5,318,321,321.5,322,322.5,323
1683853306851385654,320,319.5,319,318.5,318,321,321.5,322,322.5,323
1683853307919543716,320,319.5,319,318.5,318,321,321.5,322,322.5,323
1683853308255374007,320,319.5,319,318.5,318,321,321.5,322,322.5,323
1683853308615631509,320,319.5,319,318.5,318,321,321.5,322,322.5,323
1683853308986767004,320,319.5,319,318.5,318,321,321.5,322,322.5,323
1683853309098107295,320.5,320,319.5,319,318.5,321,321.5,322,322.5,323
1683853309130847154,320.5,320,319.5,319,318.5,321,321.5,322,322.5,323
1683853309130847154,320.5,320,319.5,319,318.5,321,321.5,322,322.5,323
1683853309130847154,320,319.5,319,318.5,318,321,321.5,322,322.5,323
1683853309166806087,319.5,319,318.5,318,317.5,321,321.5,322,322.5,323
1683853309194202934,319.5,319,318.5,318,317.5,321,321.5,322,322.5,323
1683853309194202934,319,318.5,318,317.5,317,321,321.5,322,322.5,323
1683853309194342807,319,318.5,318,317.5,317,321,321.5,322,322.5,323
1683853309204486952,319,318.5,318,317.5,317,321,321.5,322,322.5,323
1683853309225024271,319,318.5,318,317.5,317,321,321.5,322,322.5,323
1683853309225184963,319,318.5,318,317.5,317,321,321.5,322,322.5,323
1683853309237379548,319,318.5,318,317.5,317,321,321.5,322,322.5,323
1683853312187543279,319,318.5,318,317.5,317,321,321.5,322,322.5,323
1683853312684195892,319,318.5,318,317.5,317,320,321,321.5,322,322.5
1683853312715787876,319,318.5,318,317.5,317,320,321,321.5,322,322.5
1683853312748704337,319,318.5,318,317.5,317,320,321,321.5,322,322.5
1683853312815458247,319,318.5,318,317.5,317,321,321.5,322,322.5,323
1683853312860164523,319,318.5,318,317.5,317,321,321.5,322,322.5,323
1683853312882263764,319,318.5,318,317.5,317,321,321.5,322,322.5,323
1683853312957447902,319,318.5,318,317.5,317,321,321.5,322,322.5,323
1683853313122424525,320,319,318.5,318,317.5,321,321.5,322,322.5,323
1683853313132669991,320,319,318.5,318,317.5,321,321.5,322,322.5,323
1683853313153185368,320,319,318.5,318,317.5,321,321.5,322,322.5,323
1683853313153185368,319,318.5,318,317.5,317,321,321.5,322,322.5,323
1683853313153361900,319,318.5,318,317.5,317,321,321.5,322,322.5,323
1683853313173555844,319,318.5,318,317.5,317,321,321.5,322,322.5,323
1683853313173555844,319,318.5,318,317.5,317,320.5,321,321.5,322,322.5
1683853313194221083,319,318.5,318,317.5,317,320.5,321,321.5,322,322.5
1683853313194221083,319,318.5,318,317.5,317,320.5,321,321.5,322,322.5
1683853313194221083,319,318.5,318,317.5,317,320.5,321,321.5,322,322.5
1683853313194235620,319,318.5,318,317.5,317,320.5,321,321.5,322,322.5
1683853313214767508,319,318.5,318,317.5,317,321,321.5,322,322.5,323
1683853313214767508,319,318.5,318,317.5,317,321,321.5,322,322.5,323
1683853313235582609,319,318.5,318,317.5,317,321,321.5,322,322.5,323
1683853313257701196,319,318.5,318,317.5,317,320.5,321,321.5,322,322.5
1683853313257701196,319,318.5,318,317.5,317,320.5,321,321.5,322,322.5
1683853313288198455,319,318.5,318,317.5,317,320.5,321,321.5,322,322.5
1683853313288198455,319,318.5,318,317.5,317,320.5,321,321.5,322,322.5
1683853313308622871,319,318.5,318,317.5,317,320.5,321,321.5,322,322.5
1683853313329165510,319,318.5,318,317.5,317,320.5,321,321.5,322,322.5
1683853313930605882,319,318.5,318,317.5,317,320.5,321,321.5,322,322.5
1683853313930605882,319,318.5,318,317.5,317,320.5,321,321.5,322,322.5
1683853314109598410,319,318.5,318,317.5,317,320.5,321,321.5,322,322.5
1683853314366419891,319,318.5,318,317.5,317,320.5,321,321.5,322,322.5
1683853314387022993,319,318.5,318,317.5,317,320.5,321,321.5,322,322.5
1683853314735103944,319,318.5,318,317.5,317,320.5,321,321.5,322,322.5
1683853316176127390,320,319,318.5,318,317.5,320.5,321,321.5,322,322.5
1683853316209776997,320,319,318.5,318,317.5,320.5,321,321.5,322,322.5
1683853316209880601,319,318.5,318,317.5,317,320.5,321,321.5,322,322.5
1683853316209880601,319,318.5,318,317.5,317,320.5,321,321.5,322,322.5
1683853316276315954,319,318.5,318,317.5,317,320.5,321,321.5,322,322.5
1683853316311176755,319,318.5,318,317.5,317,320.5,321,321.5,322,322.5
1683853316898367753,320,319,318.5,318,317.5,320.5,321,321.5,322,322.5
1683853316928575328,320,319,318.5,318,317.5,320.5,321,321.5,322,322.5
1683853316928602569,319,318.5,318,317.5,317,320.5,321,321.5,322,322.5
1683853317455469500,319,318.5,318,317.5,317,320.5,321,321.5,322,322.5
1683853317487784160,319,318.5,318,317.5,317,320.5,321,321.5,322,322.5
1683853317810496772,320,319,318.5,318,317.5,320.5,321,321.5,322,322.5
1683853317831797524,320,319,318.5,318,317.5,320.5,321,321.5,322,322.5
1683853317831906919,319,318.5,318,317.5,317,320.5,321,321.5,322,322.5
1683853317852286101,319,318.5,318,317.5,317,320.5,321,321.5,322,322.5
1683853317864715117,319,318.5,318,317.5,317,320.5,321,321.5,322,322.5
1683853317885212110,319,318.5,318,317.5,317,320.5,321,321.5,322,322.5
1683853317885212110,319,318.5,318,317.5,317,320.5,321,321.5,322,322.5
1683853319084058379,319,318.5,318,317.5,317,320.5,321,321.5,322,322.5
1683853319611193062,320,319,318.5,318,317.5,320.5,321,321.5,322,322.5
1683853319643228699,320,319,318.5,318,317.5,320.5,321,321.5,322,322.5
1683853319643228699,319,318.5,318,317.5,317,320.5,321,321.5,322,322.5
1683853319696532627,320,319,318.5,318,317.5,320.5,321,321.5,322,322.5
1683853319730311737,319,318.5,318,317.5,317,320.5,321,321.5,322,322.5
1683853319762120628,319,318.5,318,317.5,317,320.5,321,321.5,322,322.5
1683853319797912116,319,318.5,318,317.5,317,320.5,321,321.5,322,322.5
1683853320718656781,319,318.5,318,317.5,317,320.5,321,321.5,322,322.5
1683853320749060704,319,318.5,318,317.5,317,320.5,321,321.5,322,322.5
1683853321241626364,319.5,319,318.5,318,317.5,320.5,321,321.5,322,322.5
1683853321274484154,319.5,319,318.5,318,317.5,320.5,321,321.5,322,322.5
1683853321308159139,319.5,319,318.5,318,317.5,320.5,321,321.5,322,322.5
1683853321398305559,319.5,319,318.5,318,317.5,320.5,321,321.5,322,322.5
1683853321961573161,319.5,319,318.5,318,317.5,320,320.5,321,321.5,322
1683853321994278566,319.5,319,318.5,318,317.5,320,320.5,321,321.5,322
1683853323710624829,319.5,319,318.5,318,317.5,320,320.5,321,321.5,322
1683853323992714050,319.5,319,318.5,318,317.5,320,320.5,321,321.5,322
1683853324896476300,319.5,319,318.5,318,317.5,320,320.5,321,321.5,322
1683853325276766423,319.5,319,318.5,318,317.5,320.5,321,321.5,322,322.5
1683853325387159907,319.5,319,318.5,318,317.5,320,320.5,321,321.5,322
1683853325634876253,319.5,319,318.5,318,317.5,320,320.5,321,321.5,322
1683853325645483889,319.5,319,318.5,318,317.5,320,320.5,321,321.5,322
1683853325645499067,319.5,319,318.5,318,317.5,320,320.5,321,321.5,322
1683853325657258005,319.5,319,318.5,318,317.5,320,320.5,321,321.5,322
1683853326173196157,319.5,319,318.5,318,317.5,320,320.5,321,321.5,322
1683853326205110666,319.5,319,318.5,318,317.5,320,320.5,321,321.5,322
1683853326423228141,319.5,319,318.5,318,317.5,320,320.5,321,321.5,322
1683853327981844116,319.5,319,318.5,318,317.5,320,320.5,321,321.5,322
1683853328906474836,319.5,319,318.5,318,317.5,320,320.5,321,321.5,322
1683853328906474836,319.5,319,318.5,318,317.5,320,320.5,321,321.5,322
1683853328950330635,319.5,319,318.5,318,317.5,320,320.5,321,321.5,322
1683853329565352476,319.5,319,318.5,318,317.5,320,320.5,321,321.5,322
1683853330522269895,319.5,319,318.5,318,317.5,320,320.5,321,321.5,322
1683853330708903389,319.5,319,318.5,318,317.5,320,320.5,321,321.5,322
1683853330922774821,319.5,319,318.5,318,317.5,320,320.5,321,321.5,322
1683853331165450784,319.5,319,318.5,318,317.5,320,320.5,321,321.5,322
1683853331428762691,319.5,319,318.5,318,317.5,320,320.5,321,321.5,322
1683853332181481458,319.5,319,318.5,318,317.5,320,320.5,321,321.5,322
1683853332338879602,319.5,319,318.5,318,317.5,320,320.5,321,321.5,322
1683853332647704470,319.5,319,318.5,318,317.5,320.5,321,321.5,322,322.5
1683853332669746764,319.5,319,318.5,318,317.5,320.5,321,321.5,322,322.5
1683853332669854095,319.5,319,318.5,318,317.5,320.5,321,321.5,322,322.5
1683853332702297758,319.5,319,318.5,318,317.5,320.5,321,321.5,322,322.5
1683853332745965775,320,319.5,319,318.5,318,320.5,321,321.5,322,322.5
1683853332768048585,320,319.5,319,318.5,318,320.5,321,321.5,322,322.5
1683853332768048585,319.5,319,318.5,318,317.5,320.5,321,321.5,322,322.5
1683853333060740293,320,319.5,319,318.5,318,320.5,321,321.5,322,322.5
1683853333082435846,319.5,319,318.5,318,317.5,320.5,321,321.5,322,322.5
1683853333263618516,319.5,319,318.5,318,317.5,320.5,321,321.5,322,322.5
1683853333286128178,319.5,319,318.5,318,317.5,320.5,321,321.5,322,322.5
1683853333298371765,320,319.5,319,318.5,318,320.5,321,321.5,322,322.5
1683853333331496687,320,319.5,319,318.5,318,320.5,321,321.5,322,322.5
1683853333331496687,319.5,319,318.5,318,317.5,320.5,321,321.5,322,322.5
1683853334819179786,319.5,319,318.5,318,317.5,320.5,321,321.5,322,322.5
1683853334841544325,319.5,319,318.5,318,317.5,320.5,321,321.5,322,322.5
1683853334947161912,319.5,319,318.5,318,317.5,320.5,321,321.5,322,322.5
1683853334947217967,319.5,319,318.5,318,317.5,320.5,321,321.5,322,322.5
1683853335162180348,319.5,319,318.5,318,317.5,320,320.5,321,321.5,322
1683853335193850759,319.5,319,318.5,318,317.5,320,320.5,321,321.5,322
1683853335720798030,319.5,319,318.5,318,317.5,320.5,321,321.5,322,322.5
1683853338560844165,319.5,319,318.5,318,317.5,320,320.5,321,321.5,322
1683853338573179825,319.5,319,318.5,318,317.5,320.5,321,321.5,322,322.5
1683853338945763660,319.5,319,318.5,318,317.5,320.5,321,321.5,322,322.5
1683853338967945076,319.5,319,318.5,318,317.5,320.5,321,321.5,322,322.5
1683853339301126603,320,319.5,319,318.5,318,320.5,321,321.5,322,322.5
1683853339334241165,320,319.5,319,318.5,318,320.5,321,321.5,322,322.5
1683853339334290548,320,319.5,319,318.5,318,320.5,321,321.5,322,322.5
1683853339894998044,320,319.5,319,318.5,318,320.5,321,321.5,322,322.5
1683853340179760173,320,319.5,319,318.5,318,320.5,321,321.5,322,322.5
1683853340212497568,319.5,319,318.5,318,317.5,320.5,321,321.5,322,322.5
1683853341664552335,319.5,319,318.5,318,317.5,320,320.5,321,321.5,322
1683853341697950389,319.5,319,318.5,318,317.5,320,320.5,321,321.5,322
1683853341742720846,319.5,319,318.5,318,317.5,320,320.5,321,321.5,322
1683853342969826972,319.5,319,318.5,318,317.5,320,320.5,321,321.5,322
1683853342969826972,319.5,319,318.5,318,317.5,320,320.5,321,321.5,322
1683853343011705088,319.5,319,318.5,318,317.5,320,320.5,321,321.5,322
1683853343011705088,319.5,319,318.5,318,317.5,320,320.5,321,321.5,322
1683853344081193088,319.5,319,318.5,318,317.5,320,320.5,321,321.5,322
1683853345956459533,319,318.5,318,317.5,317,320,320.5,321,321.5,322
1683853345991001936,319,318.5,318,317.5,317,320,320.5,321,321.5,322
1683853345991111552,319,318.5,318,317.5,317,320,320.5,321,321.5,322
1683853345991111552,319,318.5,318,317.5,317,320,320.5,321,321.5,322
1683853346024828104,319,318.5,318,317.5,317,320,320.5,321,321.5,322
1683853346217593500,319,318.5,318,317.5,317,320,320.5,321,321.5,322
1683853346285006037,319.5,319,318.5,318,317.5,320,320.5,321,321.5,322
1683853346317699840,319.5,319,318.5,318,317.5,320,320.5,321,321.5,322
1683853346317810127,319,318.5,318,317.5,317,320,320.5,321,321.5,322
1683853346330050167,319,318.5,318,317.5,317,319.5,320,320.5,321,321.5
1683853346362772744,319,318.5,318,317.5,317,319.5,320,320.5,321,321.5
1683853347078882767,319,318.5,318,317.5,317,319.5,320,320.5,321,321.5
1683853347225141838,319,318.5,318,317.5,317,319.5,320,320.5,321,321.5
1683853347815192586,319,318.5,318,317.5,317,320,320.5,321,321.5,322
1683853347825531798,319,318.5,318,317.5,317,320,320.5,321,321.5,322
1683853347858293979,319,318.5,318,317.5,317,320,320.5,321,321.5,322
1683853348128352613,319,318.5,318,317.5,317,320,320.5,321,321.5,322
1683853348914496685,319,318.5,318,317.5,317,320,320.5,321,321.5,322
1683853349960309184,319,318.5,318,317.5,317,320,320.5,321,321.5,322
1683853350080867832,319,318.5,318,317.5,317,320,320.5,321,321.5,322
1683853351463267010,319,318.5,318,317.5,317,319.5,320,320.5,321,321.5
1683853351496831928,319,318.5,318,317.5,317,319.5,320,320.5,321,321.5
1683853351497035471,319,318.5,318,317.5,317,319.5,320,320.5,321,321.5
1683853351510277743,319,318.5,318,317.5,317,319.5,320,320.5,321,321.5
1683853351531038361,318.5,318,317.5,317,316.5,319.5,320,320.5,321,321.5
1683853351531038361,318.5,318,317.5,317,316.5,319,319.5,320,320.5,321
1683853351564392884,318.5,318,317.5,317,316.5,319,319.5,320,320.5,321
1683853351564392884,318,317.5,317,316.5,316,318.5,319,319.5,320,320.5
1683853351564612596,318,317.5,317,316.5,316,318.5,319,319.5,320,320.5
1683853351599698771,318,317.5,317,316.5,316,318.5,319,319.5,320,320.5
1683853351599698771,318,317.5,317,316.5,316,318.5,319,319.5,320,320.5
1683853351599898255,318,317.5,317,316.5,316,318.5,319,319.5,320,320.5
1683853351632259944,318,317.5,317,316.5,316,318.5,319,319.5,320,320.5
1683853352270315621,318,317.5,317,316.5,316,319,319.5,320,320.5,321
1683853352692219273,318,317.5,317,316.5,316,319,319.5,320,320.5,321
1683853352723452363,318,317.5,317,316.5,316,319,319.5,320,320.5,321
1683853353029149929,318,317.5,317,316.5,316,319.5,320,320.5,321,321.5
1683853353064607581,318,317.5,317,316.5,316,319.5,320,320.5,321,321.5
1683853353095735904,318,317.5,317,316.5,316,319.5,320,320.5,321,321.5
1683853353253179243,318,317.5,317,316.5,316,319.5,320,320.5,321,321.5
1683853355602529629,318,317.5,317,316.5,316,319.5,320,320.5,321,321.5
1683853356184024332,318,317.5,317,316.5,316,319.5,320,320.5,321,321.5
1683853356414456849,318,317.5,317,316.5,316,319.5,320,320.5,321,321.5
1683853356774873199,318,317.5,317,316.5,316,319.5,320,320.5,321,321.5
1683853357247984583,318.5,318,317.5,317,316.5,319.5,320,320.5,321,321.5
1683853357282826870,318.5,318,317.5,317,316.5,319.5,320,320.5,321,321.5
1683853357316042562,318.5,318,317.5,317,316.5,319.5,320,320.5,321,321.5
1683853357595236758,318.5,318,317.5,317,316.5,319.5,320,320.5,321,321.5
1683853357731624155,318.5,318,317.5,317,316.5,319.5,320,320.5,321,321.5
1683853359400254992,318.5,318,317.5,317,316.5,319.5,320,320.5,321,321.5
1683853359867782503,318.5,318,317.5,317,316.5,319.5,320,320.5,321,321.5
1683853360874497656,318.5,318,317.5,317,316.5,319,319.5,320,320.5,321
1683853360907096581,318.5,318,317.5,317,316.5,319,319.5,320,320.5,321
1683853360907096581,318.5,318,317.5,317,316.5,319,319.5,320,320.5,321
1683853361197717761,318.5,318,317.5,317,316.5,319,319.5,320,320.5,321
1683853361230703060,318,317.5,317,316.5,316,319,319.5,320,320.5,321
1683853361548106554,318,317.5,317,316.5,316,319,319.5,320,320.5,321
1683853361581977246,318,317.5,317,316.5,316,319,319.5,320,320.5,321
1683853361882178833,318,317.5,317,316.5,316,319,319.5,320,320.5,321
1683853362453046785,318,317.5,317,316.5,316,319,319.5,320,320.5,321
1683853362507092386,318,317.5,317,316.5,316,319,319.5,320,320.5,321
1683853362913045441,318,317.5,317,316.5,316,319,319.5,320,320.5,321
1683853363425052642,318,317.5,317,316.5,316,319,319.5,320,320.5,321
1683853363535716283,318,317.5,317,316.5,316,319,319.5,320,320.5,321
1683853364153235913,318,317.5,317,316.5,316,319,319.5,320,320.5,321
1683853365847055362,318.5,318,317.5,317,316.5,319,319.5,320,320.5,321
1683853365881973641,318.5,318,317.5,317,316.5,319,319.5,320,320.5,321
1683853365881973641,318.5,318,317.5,317,316.5,319,319.5,320,320.5,321
1683853366645696618,318,317.5,317,316.5,316,319,319.5,320,320.5,321
1683853367870073961,318.5,318,317.5,317,316.5,319,319.5,320,320.5,321
1683853367951725301,318.5,318,317.5,317,316.5,319,319.5,320,320.5,321
1683853368231556743,318.5,318,317.5,317,316.5,319,319.5,320,320.5,321
1683853368376024210,318.5,318,317.5,317,316.5,319,319.5,320,320.5,321
1683853369135754581,318.5,318,317.5,317,316.5,319,319.5,320,320.5,321
1683853369780105827,318.5,318,317.5,317,316.5,319,319.5,320,320.5,321
1683853369780105827,318.5,318,317.5,317,316.5,319,319.5,320,320.5,321
1683853372025220130,318.5,318,317.5,317,316.5,319,319.5,320,320.5,321
1683853372767504946,318.5,318,317.5,317,316.5,319,319.5,320,320.5,321
1683853372961789665,318.5,318,317.5,317,316.5,319,319.5,320,320.5,321
1683853373103705481,318.5,318,317.5,317,316.5,319,319.5,320,320.5,321
1683853373380151167,318.5,318,317.5,317,316.5,319,319.5,320,320.5,321
1683853373637399409,318.5,318,317.5,317,316.5,319,319.5,320,320.5,321
1683853373876701779,318.5,318,317.5,317,316.5,319,319.5,320,320.5,321
1683853375735403313,318.5,318,317.5,317,316.5,319,319.5,320,320.5,321
1683853375780585983,318.5,318,317.5,317,316.5,319,319.5,320,320.5,321
1683853376108812216,318.5,318,317.5,317,316.5,319,319.5,320,320.5,321
1683853376437075339,318.5,318,317.5,317,316.5,319,319.5,320,320.5,321
1683853376559829599,318.5,318,317.5,317,316.5,319,319.5,320,320.5,321
1683853377472857215,318.5,318,317.5,317,316.5,319,319.5,320,320.5,321
1683853377533700878,318.5,318,317.5,317,316.5,319,319.5,320,320.5,321
1683853377913774826,318.5,318,317.5,317,316.5,319,319.5,320,320.5,321
1683853377924162538,318.5,318,317.5,317,316.5,319,319.5,320,320.5,321
1683853378971447942,318.5,318,317.5,317,316.5,319,319.5,320,320.5,321
1683853379142447874,318.5,318,317.5,317,316.5,319,319.5,320,320.5,321
1683853379469966058,318.5,318,317.5,317,316.5,319,319.5,320,320.5,321
1683853381365570918,318.5,318,317.5,317,316.5,319,319.5,320,320.5,321
1683853381386071798,318.5,318,317.5,317,316.5,319,319.5,320,320.5,321
1683853381962435258,318.5,318,317.5,317,316.5,319,319.5,320,320.5,321
1683853382757255600,318.5,318,317.5,317,316.5,319,319.5,320,320.5,321
1683853386024176539,318.5,318,317.5,317,316.5,319,319.5,320,320.5,321
1683853386587475310,318.5,318,317.5,317,316.5,319,319.5,320,320.5,321
1683853386947527016,318.5,318,317.5,317,316.5,319,319.5,320,320.5,321
1683853388808110252,318.5,318,317.5,317,316.5,319,319.5,320,320.5,321
1683853389479330696,318.5,318,317.5,317,316.5,319,319.5,320,320.5,321
1683853390708989725,318,317.5,317,316.5,316,319,319.5,320,320.5,321
1683853392259120950,318,317.5,317,316.5,316,319,319.5,320,320.5,321
1683853392281416479,318,317.5,317,316.5,316,319,319.5,320,320.5,321
1683853392552086922,318.5,318,317.5,317,316.5,319,319.5,320,320.5,321
1683853392574236478,318.5,318,317.5,317,316.5,319,319.5,320,320.5,321
1683853392574236478,318,317.5,317,316.5,316,319,319.5,320,320.5,321
1683853392607541107,318,317.5,317,316.5,316,319,319.5,320,320.5,321
1683853392640882996,318,317.5,317,316.5,316,319,319.5,320,320.5,321
1683853392909247038,318,317.5,317,316.5,316,319,319.5,320,320.5,321
1683853396728880403,318,317.5,317,316.5,316,319,319.5,320,320.5,321
1683853396761895989,317.5,317,316.5,316,315,319,319.5,320,320.5,321
1683853396796014166,317.5,317,316.5,316,315,319,319.5,320,320.5,321
1683853396817132215,317.5,317,316.5,316,315,319,319.5,320,320.5,321
1683853397221030102,317.5,317,316.5,316,315,319,319.5,320,320.5,321
1683853397426286500,317.5,317,316.5,316,315,318.5,319,319.5,320,320.5
1683853397456798476,317.5,317,316.5,316,315,318.5,319,319.5,320,320.5
1683853397487668885,317.5,317,316.5,316,315.5,318.5,319,319.5,320,320.5
1683853397509021524,317.5,317,316.5,316,315.5,318.5,319,319.5,320,320.5
1683853398016972620,317.5,317,316.5,316,315.5,319,319.5,320,320.5,321
1683853398047650598,317.5,317,316.5,316,315,319,319.5,320,320.5,321
1683853398068013800,317.5,317,316.5,316,315,319,319.5,320,320.5,321
1683853399286819652,317.5,317,316.5,316,315,319,319.5,320,320.5,321
1683853400833354815,317.5,317,316.5,316,315,318,319,319.5,320,320.5
1683853400865812715,317.5,317,316.5,316,315,318,319,319.5,320,320.5
1683853400865880933,317.5,317,316.5,316,315,318,319,319.5,320,320.5
1683853400898840614,317.5,317,316.5,316,315,318,319,319.5,320,320.5
1683853401345499224,317.5,317,316.5,316,315,318,319,319.5,320,320.5
1683853401486266163,317.5,317,316.5,316,315,318,318.5,319,319.5,320
1683853402016261858,317.5,317,316.5,316,315,318.5,319,319.5,320,320.5
1683853402048393264,317.5,317,316.5,316,315,318.5,319,319.5,320,320.5
1683853402048393264,317.5,317,316.5,316,315,318.5,319,319.5,320,320.5
1683853402083238115,317.5,317,316.5,316,315.5,318.5,319,319.5,320,320.5
1683853402930673291,317.5,317,316.5,316,315.5,318.5,319,319.5,320,320.5
1683853402997773171,317.5,317,316.5,316,315.5,318,318.5,319,319.5,320
1683853403018294600,317.5,317,316.5,316,315,318,318.5,319,319.5,320
1683853403042267388,317.5,317,316.5,316,315,318,318.5,319,319.5,320
1683853403682786210,317.5,317,316.5,316,315,318.5,319,319.5,320,320.5
1683853403713499393,317.5,317,316.5,316,315,318.5,319,319.5,320,320.5
1683853403745245256,317.5,317,316.5,316,315.5,318.5,319,319.5,320,320.5
1683853404738709320,317.5,317,316.5,316,315.5,318.5,319,319.5,320,320.5
1683853405275077219,317.5,317,316.5,316,315.5,318.5,319,319.5,320,320.5
1683853406102798552,317.5,317,316.5,316,315.5,318.5,319,319.5,320,320.5
1683853406963818222,317.5,317,316.5,316,315.5,318.5,319,319.5,320,320.5
1683853407584411594,317.5,317,316.5,316,315.5,318.5,319,319.5,320,320.5
1683853409795407238,317.5,317,316.5,316,315.5,318.5,319,319.5,320,320.5
1683853410228278892,317.5,317,316.5,316,315.5,318.5,319,319.5,320,320.5
1683853411442800591,317.5,317,316.5,316,315.5,318.5,319,319.5,320,320.5
1683853411500089040,317.5,317,316.5,316,315.5,318.5,319,319.5,320,320.5
1683853412895983265,317.5,317,316.5,316,315.5,318.5,319,319.5,320,320.5
1683853415386912994,317.5,317,316.5,316,315.5,318,318.5,319,319.5,320
1683853415420984513,317.5,317,316.5,316,315,318,318.5,319,319.5,320
1683853415454759846,317.5,317,316.5,316,315,318,318.5,319,319.5,320
1683853415454759846,317.5,317,316.5,316,315,318.5,319,319.5,320,320.5
1683853415489698333,317.5,317,316.5,316,315,318.5,319,319.5,320,320.5
1683853415499877995,317.5,317,316.5,316,315,318.5,319,319.5,320,320.5
1683853415522544331,317.5,317,316.5,316,315.5,318.5,319,319.5,320,320.5
1683853416143406718,317.5,317,316.5,316,315.5,318.5,319,319.5,320,320.5
1683853417782352421,317.5,317,316.5,316,315.5,318.5,319,319.5,320,320.5
1683853417817065795,317.5,317,316.5,316,315.5,318.5,319,319.5,320,320.5
1683853417817065795,317.5,317,316.5,316,315.5,319,319.5,320,320.5,321
1683853417850236703,317.5,317,316.5,316,315.5,319,319.5,320,320.5,321
1683853417850236703,317.5,317,316.5,316,315.5,319,319.5,320,320.5,321
1683853417884736426,317.5,317,316.5,316,315.5,319,319.5,320,320.5,321
1683853417884736426,317.5,317,316.5,316,315.5,319.5,320,320.5,321,321.5
1683853417918662752,318,317.5,317,316.5,316,319.5,320,320.5,321,321.5
1683853417918662752,318,317.5,317,316.5,316,319.5,320,320.5,321,321.5
1683853417918662752,318,317.5,317,316.5,316,319.5,320,320.5,321,321.5
1683853417929530146,318,317.5,317,316.5,316,319.5,320,320.5,321,321.5
1683853417952555676,318,317.5,317,316.5,316,319.5,320,320.5,321,321.5
1683853417952555676,318,317.5,317,316.5,316,319.5,320,320.5,321,321.5
1683853417952555676,318,317.5,317,316.5,316,319.5,320,320.5,321,321.5
1683853417964643491,318,317.5,317,316.5,316,319.5,320,320.5,321,321.5
1683853418378114070,318,317.5,317,316.5,316,319.5,320,320.5,321,321.5
1683853418407194729,318,317.5,317,316.5,316,319.5,320,320.5,321,321.5
1683853419523209672,318,317.5,317,316.5,316,319.5,320,320.5,321,321.5
1683853419523209672,318,317.5,317,316.5,316,319.5,320,320.5,321,321.5
1683853419555094566,318,317.5,317,316.5,316,319.5,320,320.5,321,321.5
1683853419555094566,318,317.5,317,316.5,316,319.5,320,320.5,321,321.5
1683853419587781996,317.5,317,316.5,316,315.5,319.5,320,320.5,321,321.5
1683853419623891361,317.5,317,316.5,316,315.5,319.5,320,320.5,321,321.5
1683853419634032241,317.5,317,316.5,316,315.5,319.5,320,320.5,321,321.5
1683853419654430308,317.5,317,316.5,316,315.5,319.5,320,320.5,321,321.5
1683853422477198903,317.5,317,316.5,316,315.5,319.5,320,320.5,321,321.5
1683853422633193482,317.5,317,316.5,316,315.5,319.5,320,320.5,321,321.5
1683853422814550309,317.5,317,316.5,316,315.5,319.5,320,320.5,321,321.5
1683853422847482649,317.5,317,316.5,316,315.5,319.5,320,320.5,321,321.5
1683853422881999795,318,317.5,317,316.5,316,319.5,320,320.5,321,321.5
1683853422881999795,318,317.5,317,316.5,316,319.5,320,320.5,321,321.5
1683853422881999795,318,317.5,317,316.5,316,319.5,320,320.5,321,321.5
1683853422903437173,318,317.5,317,316.5,316,319.5,320,320.5,321,321.5
1683853422903437173,318,317.5,317,316.5,316,319.5,320,320.5,321,321.5
1683853422903437173,318,317.5,317,316.5,316,319.5,320,320.5,321,321.5
1683853422924143910,318,317.5,317,316.5,316,319.5,320,320.5,321,321.5
1683853422934220539,318,317.5,317,316.5,316,319.5,320,320.5,321,321.5
1683853423184219350,318,317.5,317,316.5,316,319.5,320,320.5,321,321.5
1683853423859894628,318,317.5,317,316.5,316,319.5,320,320.5,321,321.5
1683853423999196787,318,317.5,317,316.5,316,319.5,320,320.5,321,321.5
1683853424022696067,318,317.5,317,316.5,316,319.5,320,320.5,321,321.5
1683853424409785004,318,317.5,317,316.5,316,319.5,320,320.5,321,321.5
1683853424589020558,318,317.5,317,316.5,316,319.5,320,320.5,321,321.5
1683853424904367731,318,317.5,317,316.5,316,319,319.5,320,320.5,321
1683853424939580543,318,317.5,317,316.5,316,319,319.5,320,320.5,321
1683853424971938214,318,317.5,317,316.5,316,319,319.5,320,320.5,321
1683853424984175149,318,317.5,317,316.5,316,319,319.5,320,320.5,321
1683853425075299074,318,317.5,317,316.5,316,319.5,320,320.5,321,321.5
1683853425098134958,318,317.5,317,316.5,316,319.5,320,320.5,321,321.5
1683853425120581752,318,317.5,317,316.5,316,319.5,320,320.5,321,321.5
1683853427516699031,318,317.5,317,316.5,316,319.5,320,320.5,321,321.5
1683853429007940810,318,317.5,317,316.5,316,319.5,320,320.5,321,321.5
1683853430825630304,318,317.5,317,316.5,316,319.5,320,320.5,321,321.5
1683853430848155154,318,317.5,317,316.5,316,319.5,320,320.5,321,321.5
1683853431673096548,318,317.5,317,316.5,316,319.5,320,320.5,321,321.5
1683853432517832696,318,317.5,317,316.5,316,319.5,320,320.5,321,321.5
1683853433605058026,318,317.5,317,316.5,316,319.5,320,320.5,321,321.5
1683853435812051065,318,317.5,317,316.5,316,319.5,320,320.5,321,321.5
1683853436196113651,319,318,317.5,317,316.5,319.5,320,320.5,321,321.5
1683853436226846632,319,318,317.5,317,316.5,319.5,320,320.5,321,321.5
1683853436226956578,318,317.5,317,316.5,316,319.5,320,320.5,321,321.5
1683853436412163603,318,317.5,317,316.5,316,319.5,320,320.5,321,321.5
1683853436432155618,318,317.5,317,316.5,316,319.5,320,320.5,321,321.5
1683853436819847077,318,317.5,317,316.5,316,319.5,320,320.5,321,321.5
1683853436851760565,318,317.5,317,316.5,316,319.5,320,320.5,321,321.5
1683853437001394041,318,317.5,317,316.5,316,319.5,320,320.5,321,321.5
1683853438540381172,318,317.5,317,316.5,316,319.5,320,320.5,321,321.5
1683853439967603274,318,317.5,317,316.5,316,319.5,320,320.5,321,321.5
1683853440000793098,318,317.5,317,316.5,316,319.5,320,320.5,321,321.5
1683853440921217851,318,317.5,317,316.5,316,319.5,320,320.5,321,321.5
1683853441596754067,318,317.5,317,316.5,316,319.5,320,320.5,321,321.5
1683853443090477175,318,317.5,317,316.5,316,319.5,320,320.5,321,321.5
1683853443722012320,318,317.5,317,316.5,316,319.5,320,320.5,321,321.5
1683853444039977167,318,317.5,317,316.5,316,319.5,320,320.5,321,321.5
1683853444730182544,318,317.5,317,316.5,316,319.5,320,320.5,321,321.5
1683853444953539646,318,317.5,317,316.5,316,319.5,320,320.5,321,321.5
1683853445127534511,318,317.5,317,316.5,316,319.5,320,320.5,321,321.5
1683853445240157590,318,317.5,317,316.5,316,319.5,320,320.5,321,321.5
1683853445490085037,318,317.5,317,316.5,316,319.5,320,320.5,321,321.5
1683853447524897688,318,317.5,317,316.5,316,319.5,320,320.5,321,321.5
1683853448445358269,318,317.5,317,316.5,316,319.5,320,320.5,321,321.5
1683853449379274512,318,317.5,317,316.5,316,319.5,320,320.5,321,321.5
1683853449889313979,318,317.5,317,316.5,316,319.5,320,320.5,321,321.5
1683853451147198781,318,317.5,317,316.5,316,319.5,320,320.5,321,321.5
1683853453758201797,318.5,318,317.5,317,316.5,319.5,320,320.5,321,321.5
1683853453758261338,318.5,318,317.5,317,316.5,319.5,320,320.5,321,321.5
1683853453780539987,318.5,318,317.5,317,316.5,319.5,320,320.5,321,321.5
1683853453780539987,318.5,318,317.5,317,316.5,319.5,320,320.5,321,321.5
1683853453805526168,318.5,318,317.5,317,316.5,319.5,320,320.5,321,321.5
1683853453949389711,318.5,318,317.5,317,316.5,319.5,320,320.5,321,321.5
1683853454086426918,318.5,318,317.5,317,316.5,319.5,320,320.5,321,321.5
1683853454445144308,318.5,318,317.5,317,316.5,319,319.5,320,320.5,321
1683853454467681511,318.5,318,317.5,317,316.5,319,319.5,320,320.5,321
1683853454644681077,318,317.5,317,316.5,316,319,319.5,320,320.5,321
1683853454688058358,318,317.5,317,316.5,316,319,319.5,320,320.5,321
1683853454722503999,318,317.5,317,316.5,316,319,319.5,320,320.5,321
1683853458411595270,318,317.5,317,316.5,316,319,319.5,320,320.5,321
1683853460249101850,318,317.5,317,316.5,316,319,319.5,320,320.5,321
1683853460810473472,318,317.5,317,316.5,316,319,319.5,320,320.5,321
1683853461071354185,318,317.5,317,316.5,316,319,319.5,320,320.5,321
1683853461424162671,318,317.5,317,316.5,316,319,319.5,320,320.5,321
1683853462199827207,318,317.5,317,316.5,316,319,319.5,320,320.5,321
1683853462290884276,318,317.5,317,316.5,316,319,319.5,320,320.5,321
1683853462471654912,318,317.5,317,316.5,316,319,319.5,320,320.5,321
1683853463230468962,318,317.5,317,316.5,316,319,319.5,320,320.5,321
1683853463949455526,318,317.5,317,316.5,316,319,319.5,320,320.5,321
1683853464360526419,318,317.5,317,316.5,316,319,319.5,320,320.5,321
1683853464793633285,318,317.5,317,316.5,316,319,319.5,320,320.5,321
1683853464907770918,318,317.5,317,316.5,316,319,319.5,320,320.5,321
1683853469745219564,318,317.5,317,316.5,316,319,319.5,320,320.5,321
1683853470218901439,318,317.5,317,316.5,316,319,319.5,320,320.5,321
1683853470552826011,318,317.5,317,316.5,316,319,319.5,320,320.5,321
1683853472569059219,318,317.5,317,316.5,316,319,319.5,320,320.5,321
1683853472614201453,318,317.5,317,316.5,316,319,319.5,320,320.5,321
1683853475039943662,318,317.5,317,316.5,316,319,319.5,320,320.5,321
1683853475267927130,318,317.5,317,316.5,316,319,319.5,320,320.5,321
1683853475596661156,318,317.5,317,316.5,316,319,319.5,320,320.5,321
1683853475628734664,318,317.5,317,316.5,316,319,319.5,320,320.5,321
1683853476077337514,318,317.5,317,316.5,316,319,319.5,320,320.5,321
1683853476761468616,318,317.5,317,316.5,316,319,319.5,320,320.5,321
1683853478679215977,318,317.5,317,316.5,316,319,319.5,320,320.5,321
1683853479281636649,318,317.5,317,316.5,316,319,319.5,320,320.5,321
1683853479516842267,318,317.5,317,316.5,316,318.5,319,319.5,320,320.5
1683853479541786730,318,317.5,317,316.5,316,318.5,319,319.5,320,320.5
1683853479941847913,318,317.5,317,316.5,316,318.5,319,319.5,320,320.5
1683853480489809638,318,317.5,317,316.5,316,318.5,319,319.5,320,320.5
1683853480532888088,318,317.5,317,316.5,316,318.5,319,319.5,320,320.5
1683853481140069197,318,317.5,317,316.5,316,318.5,319,319.5,320,320.5
1683853481258794904,318,317.5,317,316.5,316,318.5,319,319.5,320,320.5
1683853482077313809,318,317.5,317,316.5,316,318.5,319,319.5,320,320.5
1683853484035853748,318,317.5,317,316.5,316,318.5,319,319.5,320,320.5
1683853486148593997,318,317.5,317,316.5,316,318.5,319,319.5,320,320.5
1683853486499804282,318,317.5,317,316.5,316,318.5,319,319.5,320,320.5
1683853486499819581,318,317.5,317,316.5,316,318.5,319,319.5,320,320.5
1683853487320920965,318,317.5,317,316.5,316,318.5,319,319.5,320,320.5
1683853487333206721,318,317.5,317,316.5,316,318.5,319,319.5,320,320.5
1683853491951243512,318,317.5,317,316.5,316,318.5,319,319.5,320,320.5
1683853492700278782,318,317.5,317,316.5,316,318.5,319,319.5,320,320.5
1683853492720557605,318,317.5,317,316.5,316,318.5,319,319.5,320,320.5
1683853493247947136,318,317.5,317,316.5,316,318.5,319,319.5,320,320.5
1683853493735135460,318,317.5,317,316.5,316,318.5,319,319.5,320,320.5
1683853494453280493,318,317.5,317,316.5,316,318.5,319,319.5,320,320.5
1683853495279808365,318,317.5,317,316.5,316,318.5,319,319.5,320,320.5
1683853496335884603,318,317.5,317,316.5,316,318.5,319,319.5,320,320.5
1683853496895546044,318,317.5,317,316.5,316,318.5,319,319.5,320,320.5
1683853496930240754,318,317.5,317,316.5,316,318.5,319,319.5,320,320.5
1683853496962990782,318,317.5,317,316.5,316,319,319.5,320,320.5,321
1683853496997826245,318,317.5,317,316.5,316,319,319.5,320,320.5,321
1683853497030581633,318,317.5,317,316.5,316,319,319.5,320,320.5,321
1683853498995660348,318,317.5,317,316.5,316,319,319.5,320,320.5,321
1683853499514964229,318.5,318,317.5,317,316.5,319,319.5,320,320.5,321
1683853499535345074,318.5,318,317.5,317,316.5,319,319.5,320,320.5,321
1683853499578332482,318.5,318,317.5,317,316.5,319,319.5,320,320.5,321
1683853501304181835,318.5,318,317.5,317,316.5,319,319.5,320,320.5,321
1683853502049264144,318.5,318,317.5,317,316.5,319,319.5,320,320.5,321
1683853502049264144,318.5,318,317.5,317,316.5,319,319.5,320,320.5,321
1683853502212208270,318.5,318,317.5,317,316.5,319,319.5,320,320.5,321
1683853502224561764,318.5,318,317.5,317,316.5,319.5,320,320.5,321,321.5
1683853502234974935,318.5,318,317.5,317,316.5,319.5,320,320.5,321,321.5
1683853502289116155,318.5,318,317.5,317,316.5,319.5,320,320.5,321,321.5
1683853504017338192,318.5,318,317.5,317,316.5,319.5,320,320.5,321,321.5
1683853504535617760,318.5,318,317.5,317,316.5,319.5,320,320.5,321,321.5
1683853506965495192,318.5,318,317.5,317,316.5,319.5,320,320.5,321,321.5
1683853509055529961,318.5,318,317.5,317,316.5,319,319.5,320,320.5,321
1683853509252234032,318.5,318,317.5,317,316.5,319,319.5,320,320.5,321
1683853510938682761,318.5,318,317.5,317,316.5,319,319.5,320,320.5,321
1683853511090218869,318.5,318,317.5,317,316.5,319,319.5,320,320.5,321
1683853513214511587,318.5,318,317.5,317,316.5,319.5,320,320.5,321,321.5
1683853513457770605,318.5,318,317.5,317,316.5,319.5,320,320.5,321,321.5
1683853515080505621,318.5,318,317.5,317,316.5,319.5,320,320.5,321,321.5
1683853515839692451,319,318.5,318,317.5,317,319.5,320,320.5,321,321.5
1683853515874382461,319,318.5,318,317.5,317,319.5,320,320.5,321,321.5
1683853515909297013,319,318.5,318,317.5,317,319.5,320,320.5,321,321.5
1683853516086745021,319,318.5,318,317.5,317,319.5,320,320.5,321,321.5
1683853516086745021,319,318.5,318,317.5,317,319.5,320,320.5,321,321.5
1683853517057260538,319,318.5,318,317.5,317,319.5,320,320.5,321,321.5
1683853517743468721,319,318.5,318,317.5,317,319.5,320,320.5,321,321.5
1683853517958521341,319,318.5,318,317.5,317,319.5,320,320.5,321,321.5
1683853518326035406,319,318.5,318,317.5,317,319.5,320,320.5,321,321.5
1683853519355564322,319,318.5,318,317.5,317,319.5,320,320.5,321,321.5
1683853521514810956,319,318.5,318,317.5,317,319.5,320,320.5,321,321.5
1683853522326661671,319,318.5,318,317.5,317,319.5,320,320.5,321,321.5
1683853522689209212,319,318.5,318,317.5,317,319.5,320,320.5,321,321.5
1683853523953865518,319,318.5,318,317.5,317,319.5,320,320.5,321,321.5
1683853524683097437,319,318.5,318,317.5,317,319.5,320,320.5,321,321.5
1683853524860184968,319,318.5,318,317.5,317,319.5,320,320.5,321,321.5
1683853525035502686,319,318.5,318,317.5,317,319.5,320,320.5,321,321.5
1683853526893893985,319,318.5,318,317.5,317,319.5,320,320.5,321,321.5
1683853528143040692,319,318.5,318,317.5,317,319.5,320,320.5,321,321.5
1683853528838495965,319,318.5,318,317.5,317,319.5,320,320.5,321,321.5
1683853529119949142,319,318.5,318,317.5,317,319.5,320,320.5,321,321.5
1683853531332000066,319,318.5,318,317.5,317,319.5,320,320.5,321,321.5
1683853532440902494,319,318.5,318,317.5,317,319.5,320,320.5,321,321.5
1683853532852597570,319,318.5,318,317.5,317,319.5,320,320.5,321,321.5
1683853532873802932,319,318.5,318,317.5,317,320,320.5,321,321.5,322
1683853532905859649,319,318.5,318,317.5,317,320,320.5,321,321.5,322
1683853532905934048,319,318.5,318,317.5,317,320,320.5,321,321.5,322
1683853533656631679,319,318.5,318,317.5,317,320,320.5,321,321.5,322
1683853534332700805,319,318.5,318,317.5,317,320,320.5,321,321.5,322
1683853538029939631,319,318.5,318,317.5,317,320,320.5,321,321.5,322
1683853538827640540,319.5,319,318.5,318,317.5,320,320.5,321,321.5,322
1683853538851572793,319.5,319,318.5,318,317.5,320,320.5,321,321.5,322
1683853538851572793,319.5,319,318.5,318,317.5,320,320.5,321,321.5,322
1683853538869550797,319.5,319,318.5,318,317.5,320,320.5,321,321.5,322
1683853539127971801,319.5,319,318.5,318,317.5,320,320.5,321,321.5,322
1683853539127971801,319.5,319,318.5,318,317.5,320,320.5,321,321.5,322
1683853540161381652,319.5,319,318.5,318,317.5,320,320.5,321,321.5,322
1683853542374844998,319.5,319,318.5,318,317.5,320,320.5,321,321.5,322
1683853542374844998,319.5,319,318.5,318,317.5,320,320.5,321,321.5,322
1683853543739547519,319.5,319,318.5,318,317.5,320,320.5,321,321.5,322
1683853543948474809,319.5,319,318.5,318,317.5,320,320.5,321,321.5,322
1683853544066846671,319.5,319,318.5,318,317.5,320,320.5,321,321.5,322
1683853545528837682,319.5,319,318.5,318,317.5,320,320.5,321,321.5,322
1683853545569703617,319,318.5,318,317.5,317,320,320.5,321,321.5,322
1683853545600534612,319,318.5,318,317.5,317,320,320.5,321,321.5,322
1683853545631179368,319,318.5,318,317.5,317,320,320.5,321,321.5,322
1683853545702832416,319,318.5,318,317.5,317,319.5,320,320.5,321,321.5
1683853545733682677,319,318.5,318,317.5,317,319.5,320,320.5,321,321.5
1683853547352571111,319,318.5,318,317.5,317,319.5,320,320.5,321,321.5
1683853550960481032,319,318.5,318,317.5,317,319.5,320,320.5,321,321.5
1683853551471183994,319,318.5,318,317.5,317,320,320.5,321,321.5,322
1683853551573153011,319,318.5,318,317.5,317,320,320.5,321,321.5,322
1683853552306713526,319,318.5,318,317.5,317,319.5,320,320.5,321,321.5
1683853554194307283,319,318.5,318,317.5,317,319.5,320,320.5,321,321.5
1683853554653896029,319,318.5,318,317.5,317,319.5,320,320.5,321,321.5
1683853556150966510,319,318.5,318,317.5,317,319.5,320,320.5,321,321.5
1683853558463099146,319,318.5,318,317.5,317,320,320.5,321,321.5,322
1683853558483719942,319,318.5,318,317.5,317,320,320.5,321,321.5,322
1683853559366221363,319,318.5,318,317.5,317,320,320.5,321,321.5,322
1683853559584364596,319,318.5,318,317.5,317,319.5,320,320.5,321,321.5
1683853559940209743,319,318.5,318,317.5,317,319.5,320,320.5,321,321.5
1683853563044895023,319,318.5,318,317.5,317,320,320.5,321,321.5,322
1683853565113995397,319,318.5,318,317.5,317,320,320.5,321,321.5,322
1683853566452492348,319,318.5,318,317.5,317,320,320.5,321,321.5,322
1683853568265017514,319,318.5,318,317.5,317,320,320.5,321,321.5,322
1683853570140083509,319,318.5,318,317.5,317,319.5,320,320.5,321,321.5
1683853570174736761,319,318.5,318,317.5,317,319.5,320,320.5,321,321.5
1683853572357897643,319,318.5,318,317.5,317,319.5,320,320.5,321,321.5
1683853572886736184,319,318.5,318,317.5,317,320,320.5,321,321.5,322
1683853573578454311,319.5,319,318.5,318,317.5,320,320.5,321,321.5,322
1683853573611196464,319.5,319,318.5,318,317.5,320,320.5,321,321.5,322
1683853573644047602,319.5,319,318.5,318,317.5,320,320.5,321,321.5,322
1683853576331068799,319.5,319,318.5,318,317.5,320,320.5,321,321.5,322
1683853578979206583,319,318.5,318,317.5,317,320,320.5,321,321.5,322
1683853578999591305,319,318.5,318,317.5,317,320,320.5,321,321.5,322
1683853578999749182,319,318.5,318,317.5,317,320,320.5,321,321.5,322
1683853579022060241,319,318.5,318,317.5,317,320,320.5,321,321.5,322
1683853579022299199,319,318.5,318,317.5,317,320,320.5,321,321.5,322
1683853579032333098,319,318.5,318,317.5,317,320,320.5,321,321.5,322
1683853579163018248,319.5,319,318.5,318,317.5,320,320.5,321,321.5,322
1683853579193428073,319.5,319,318.5,318,317.5,320,320.5,321,321.5,322
1683853579226124119,319.5,319,318.5,318,317.5,320,320.5,321,321.5,322
1683853580877695405,319.5,319,318.5,318,317.5,320,320.5,321,321.5,322
1683853582000045521,319.5,319,318.5,318,317.5,320,320.5,321,321.5,322
1683853582712608023,319.5,319,318.5,318,317.5,320,320.5,321,321.5,322
1683853583024772230,319.5,319,318.5,318,317.5,320,320.5,321,321.5,322
1683853585716047113,319.5,319,318.5,318,317.5,320,320.5,321,321.5,322
1683853586499697883,319.5,319,318.5,318,317.5,320,320.5,321,321.5,322
1683853587867442826,319.5,319,318.5,318,317.5,320,320.5,321,321.5,322
1683853589824261642,319.5,319,318.5,318,317.5,320,320.5,321,321.5,322
1683853590115257255,319.5,319,318.5,318,317.5,320,320.5,321,321.5,322
1683853590549330575,319.5,319,318.5,318,317.5,320,320.5,321,321.5,322
1683853590905276942,319.5,319,318.5,318,317.5,320,320.5,321,321.5,322
1683853591624286418,319.5,319,318.5,318,317.5,320,320.5,321,321.5,322
1683853594352773357,319.5,319,318.5,318,317.5,320,320.5,321,321.5,322
1683853596919878582,319.5,319,318.5,318,317.5,320,320.5,321,321.5,322
1683853599444972662,319.5,319,318.5,318,317.5,320,320.5,321,321.5,322
1683853607525414775,319.5,319,318.5,318,317.5,320,320.5,321,321.5,322
1683853607950433254,319.5,319,318.5,318,317.5,320,320.5,321,321.5,322
1683853610549675657,319.5,319,318.5,318,317.5,320,320.5,321,321.5,322
1683853612389464860,319.5,319,318.5,318,317.5,320,320.5,321,321.5,322
1683853615198354845,319.5,319,318.5,318,317.5,320,320.5,321,321.5,322
1683853615983239210,319.5,319,318.5,318,317.5,320,320.5,321,321.5,322
1683853616453776912,319.5,319,318.5,318,317.5,320,320.5,321,321.5,322
1683853617106128619,319.5,319,318.5,318,317.5,320,320.5,321,321.5,322
1683853618314419267,319.5,319,318.5,318,317.5,320,320.5,321,321.5,322
1683853618702567383,319.5,319,318.5,318,317.5,320,320.5,321,321.5,322
1683853619467448182,319.5,319,318.5,318,317.5,320,320.5,321,321.5,322
1683853619498185331,319.5,319,318.5,318,317.5,320,320.5,321,321.5,322
1683853621964730445,319.5,319,318.5,318,317.5,320,320.5,321,321.5,322
1683853622549730288,319.5,319,318.5,318,317.5,320,320.5,321,321.5,322
1683853627939091061,319.5,319,318.5,318,317.5,320,320.5,321,321.5,322
1683853629900127375,319.5,319,318.5,318,317.5,320,320.5,321,321.5,322
1683853631464790641,319.5,319,318.5,318,317.5,320,320.5,321,321.5,322
1683853631850973988,319.5,319,318.5,318,317.5,320,320.5,321,321.5,322
1683853637711581714,319.5,319,318.5,318,317.5,320,320.5,321,321.5,322
1683853637918191583,319.5,319,318.5,318,317.5,320,320.5,321,321.5,322
1683853638040930214,319.5,319,318.5,318,317.5,320,320.5,321,321.5,322
1683853644523166313,319.5,319,318.5,318,317.5,320,320.5,321,321.5,322
1683853647079868555,319.5,319,318.5,318,317.5,320,320.5,321,321.5,322
1683853647509023752,319.5,319,318.5,318,317.5,320,320.5,321,321.5,322
1683853650795184599,319.5,319,318.5,318,317.5,320,320.5,321,321.5,322
1683853651182094680,319.5,319,318.5,318,317.5,320,320.5,321,321.5,322
1683853651430990721,319.5,319,318.5,318,317.5,320,320.5,321,321.5,322
1683853658130615926,319.5,319,318.5,318,317.5,320,320.5,321,321.5,322
1683853660206511828,319.5,319,318.5,318,317.5,320,320.5,321,321.5,322
1683853660424823817,319.5,319,318.5,318,317.5,320,320.5,321,321.5,322
1683853661308590684,319.5,319,318.5,318,317.5,320,320.5,321,321.5,322
1683853661655854520,319.5,319,318.5,318,317.5,320,320.5,321,321.5,322
1683853662594884543,319.5,319,318.5,318,317.5,320,320.5,321,321.5,322
1683853669326517281,319.5,319,318.5,318,317.5,320,320.5,321,321.5,322
1683853672107826532,319.5,319,318.5,318,317.5,320,320.5,321,321.5,322
1683853672140574386,319.5,319,318.5,318,317.5,320,320.5,321,321.5,322
1683853675556674972,319.5,319,318.5,318,317.5,320,320.5,321,321.5,322
1683853677433822850,319.5,319,318.5,318,317.5,320,320.5,321,321.5,322
1683853678415769895,319.5,319,318.5,318,317.5,320,320.5,321,321.5,322
1683853681621935678,319.5,319,318.5,318,317.5,320,320.5,321,321.5,322
1683853682260814118,319.5,319,318.5,318,317.5,320,320.5,321,321.5,322
1683853683779429215,319.5,319,318.5,318,317.5,320,320.5,321,321.5,322
1683853684331419286,319.5,319,318.5,318,317.5,320,320.5,321,321.5,322
1683853688474489483,319.5,319,318.5,318,317.5,320,320.5,321,321.5,322
1683853689698491984,319.5,319,318.5,318,317.5,320,320.5,321,321.5,322
1683853690079219397,319.5,319,318.5,318,317.5,320,320.5,321,321.5,322
1683853691526370034,319.5,319,318.5,318,317.5,320,320.5,321,321.5,322
1683853695730685804,319.5,319,318.5,318,317.5,320,320.5,321,321.5,322
1683853698408731623,319.5,319,318.5,318,317.5,320,320.5,321,321.5,322
1683853699742853251,319.5,319,318.5,318,317.5,320,320.5,321,321.5,322
1683853701997663505,319.5,319,318.5,318,317.5,320,320.5,321,321.5,322
1683853702051372538,319.5,319,318.5,318,317.5,320,320.5,321,321.5,322
1683853703591017199,319.5,319,318.5,318,317.5,320,320.5,321,321.5,322
1683853703730424466,319.5,319,318.5,318,317.5,320,320.5,321,321.5,322
1683853705613447524,319.5,319,318.5,318,317.5,320,320.5,321,321.5,322
1683853706282151403,319.5,319,318.5,318,317.5,320,320.5,321,321.5,322
1683853706704117684,319.5,319,318.5,318,317.5,320,320.5,321,321.5,322
1683853707706296545,319.5,319,318.5,318,317.5,320,320.5,321,321.5,322
1683853710123162771,319.5,319,318.5,318,317.5,320,320.5,321,321.5,322
1683853711457999911,319.5,319,318.5,318,317.5,320,320.5,321,321.5,322
1683853714076740170,319.5,319,318.5,318,317.5,320,320.5,321,321.5,322
1683853720796596660,319.5,319,318.5,318,317.5,320,320.5,321,321.5,322
1683853721091357404,319.5,319,318.5,318,317.5,320,320.5,321,321.5,322
1683853724999014523,319.5,319,318.5,318,317.5,320,320.5,321,321.5,322
1683853725402455632,319.5,319,318.5,318,317.5,320,320.5,321,321.5,322
1683853725592889224,319.5,319,318.5,318,317.5,320,320.5,321,321.5,322
1683853728774548191,319.5,319,318.5,318,317.5,320,320.5,321,321.5,322
1683853731485154793,319.5,319,318.5,318,317.5,320,320.5,321,321.5,322
1683853731707283506,319.5,319,318.5,318,317.5,320,320.5,321,321.5,322
1683853734284745440,319.5,319,318.5,318,317.5,320,320.5,321,321.5,322
1683853734317398398,319.5,319,318.5,318,317.5,320,320.5,321,321.5,322
1683853737567678434,319.5,319,318.5,318,317.5,320,320.5,321,321.5,322
1683853738203647461,319.5,319,318.5,318,317.5,320,320.5,321,321.5,322
1683853741417062019,319.5,319,318.5,318,317.5,320,320.5,321,321.5,322
1683853741561639333,319.5,319,318.5,318,317.5,320,320.5,321,321.5,322
1683853754145323030,319.5,319,318.5,318,317.5,320,320.5,321,321.5,322
1683853754180383769,319.5,319,318.5,318,317.5,320,320.5,321,321.5,322
1683853757330079621,319.5,319,318.5,318,317.5,320,320.5,321,321.5,322
1683853757794113997,319,318.5,318,317.5,317,320,320.5,321,321.5,322
1683853757818386270,319,318.5,318,317.5,317,320,320.5,321,321.5,322
1683853757818386270,319,318.5,318,317.5,317,320,320.5,321,321.5,322
1683853757818386270,319,318.5,318,317.5,317,320,320.5,321,321.5,322
1683853757827513417,319,318.5,318,317.5,317,320,320.5,321,321.5,322
1683853757840168678,319,318.5,318,317.5,317,320,320.5,321,321.5,322
1683853759934266751,319,318.5,318,317.5,317,320,320.5,321,321.5,322
1683853760776989451,319,318.5,318,317.5,317,319.5,320,320.5,321,321.5
1683853761371680014,319,318.5,318,317.5,317,319.5,320,320.5,321,321.5
1683853761392436125,319,318.5,318,317.5,317,319.5,320,320.5,321,321.5
1683853761744837483,319,318.5,318,317.5,317,319.5,320,320.5,321,321.5
1683853762050255757,319,318.5,318,317.5,317,319.5,320,320.5,321,321.5
1683853762071574214,319,318.5,318,317.5,317,319.5,320,320.5,321,321.5
1683853762091883105,318.5,318,317.5,317,316.5,319.5,320,320.5,321,321.5
1683853762104269441,318.5,318,317.5,317,316.5,319.5,320,320.5,321,321.5
1683853762104269441,318.5,318,317.5,317,316.5,319.5,320,320.5,321,321.5
1683853762114476646,318.5,318,317.5,317,316.5,319.5,320,320.5,321,321.5
1683853762114491303,318.5,318,317.5,317,316.5,319.5,320,320.5,321,321.5
1683853764279040814,318.5,318,317.5,317,316.5,319.5,320,320.5,321,321.5
1683853764504610947,318.5,318,317.5,317,316.5,319.5,320,320.5,321,321.5
1683853764538073706,318.5,318,317.5,317,316.5,319.5,320,320.5,321,321.5
1683853765821122308,318,317.5,317,316.5,316,319.5,320,320.5,321,321.5
1683853765843674031,318,317.5,317,316.5,316,319.5,320,320.5,321,321.5
1683853765843674031,318,317.5,317,316.5,316,319,319.5,320,320.5,321
1683853765853923835,318,317.5,317,316.5,316,319,319.5,320,320.5,321
1683853765864830784,318,317.5,317,316.5,316,319,319.5,320,320.5,321
1683853765864830784,318,317.5,317,316.5,316,319,319.5,320,320.5,321
1683853765864830784,318,317.5,317,316.5,316,319,319.5,320,320.5,321
1683853768286936754,318,317.5,317,316.5,316,319,319.5,320,320.5,321
1683853768488564374,318,317.5,317,316.5,316,319,319.5,320,320.5,321
1683853769205868973,318,317.5,317,316.5,316,319,319.5,320,320.5,321
1683853770680209839,318,317.5,317,316.5,316,319,319.5,320,320.5,321
1683853771574165963,318,317.5,317,316.5,316,318.5,319,319.5,320,320.5
1683853772787591653,318,317.5,317,316.5,316,318.5,319,319.5,320,320.5
1683853773134174025,318,317.5,317,316.5,316,318.5,319,319.5,320,320.5
1683853774151643905,318,317.5,317,316.5,316,318.5,319,319.5,320,320.5
1683853774489612965,318,317.5,317,316.5,316,318.5,319,319.5,320,320.5
1683853774522437174,318,317.5,317,316.5,316,318.5,319,319.5,320,320.5
1683853776527510307,318,317.5,317,316.5,316,318.5,319,319.5,320,320.5
1683853778052165742,318,317.5,317,316.5,316,318.5,319,319.5,320,320.5
1683853778717708804,318,317.5,317,316.5,316,318.5,319,319.5,320,320.5
1683853778841452992,318,317.5,317,316.5,316,318.5,319,319.5,320,320.5
1683853780743040373,318,317.5,317,316.5,316,318.5,319,319.5,320,320.5
1683853781103477198,318,317.5,317,316.5,316,318.5,319,319.5,320,320.5
1683853781257220672,318,317.5,317,316.5,316,318.5,319,319.5,320,320.5
1683853781928925634,318,317.5,317,316.5,316,318.5,319,319.5,320,320.5
1683853782015924099,318,317.5,317,316.5,316,318.5,319,319.5,320,320.5
1683853783413675082,318,317.5,317,316.5,316,318.5,319,319.5,320,320.5
1683853785929636562,318,317.5,317,316.5,316,318.5,319,319.5,320,320.5
1683853786318777611,318,317.5,317,316.5,316,318.5,319,319.5,320,320.5
1683853789495321368,318,317.5,317,316.5,316,318.5,319,319.5,320,320.5
1683853791183195257,318,317.5,317,316.5,316,318.5,319,319.5,320,320.5
1683853791273041589,318,317.5,317,316.5,316,318.5,319,319.5,320,320.5
1683853793435750412,318,317.5,317,316.5,316,318.5,319,319.5,320,320.5
1683853793801941702,318,317.5,317,316.5,316,318.5,319,319.5,320,320.5
1683853794924565955,318,317.5,317,316.5,316,318.5,319,319.5,320,320.5
1683853794955673532,318,317.5,317,316.5,316,319,319.5,320,320.5,321
1683853795119128109,318,317.5,317,316.5,316,319,319.5,320,320.5,321
1683853796071443626,318,317.5,317,316.5,316,319,319.5,320,320.5,321
1683853796981837112,318,317.5,317,316.5,316,318.5,319,319.5,320,320.5
1683853797026831772,318,317.5,317,316.5,316,319,319.5,320,320.5,321
1683853797061657480,318,317.5,317,316.5,316,319,319.5,320,320.5,321
1683853797473425132,318,317.5,317,316.5,316,319,319.5,320,320.5,321
1683853798308849989,318,317.5,317,316.5,316,319,319.5,320,320.5,321
1683853800828221840,318,317.5,317,316.5,316,319,319.5,320,320.5,321
1683853801111830204,318,317.5,317,316.5,316,319,319.5,320,320.5,321
1683853801609374808,318,317.5,317,316.5,316,319,319.5,320,320.5,321
1683853803349425882,318,317.5,317,316.5,316,319,319.5,320,320.5,321
1683853805169795039,318,317.5,317,316.5,316,319,319.5,320,320.5,321
1683853808009380774,318.5,318,317.5,317,316.5,319,319.5,320,320.5,321
1683853808044393923,318.5,318,317.5,317,316.5,319,319.5,320,320.5,321
1683853808077398001,318.5,318,317.5,317,316.5,319,319.5,320,320.5,321
1683853808215411400,318.5,318,317.5,317,316.5,319,319.5,320,320.5,321
1683853808378207561,318.5,318,317.5,317,316.5,319,319.5,320,320.5,321
1683853811044591287,318.5,318,317.5,317,316.5,319,319.5,320,320.5,321
1683853811770577134,318.5,318,317.5,317,316.5,319,319.5,320,320.5,321
1683853812966705957,318.5,318,317.5,317,316.5,319,319.5,320,320.5,321
1683853814517348844,318.5,318,317.5,317,316.5,319,319.5,320,320.5,321
1683853814747840658,318.5,318,317.5,317,316.5,319,319.5,320,320.5,321
1683853815142467106,318,317.5,317,316.5,316,319,319.5,320,320.5,321
1683853815166148770,318,317.5,317,316.5,316,319,319.5,320,320.5,321
1683853815186786218,318,317.5,317,316.5,316,319,319.5,320,320.5,321
1683853815571872574,318,317.5,317,316.5,316,319,319.5,320,320.5,321
1683853815876985504,318,317.5,317,316.5,316,319,319.5,320,320.5,321
1683853817640768906,318,317.5,317,316.5,316,318.5,319,319.5,320,320.5
1683853819478935919,318,317.5,317,316.5,316,318.5,319,319.5,320,320.5
1683853821971806712,318,317.5,317,316.5,316,318.5,319,319.5,320,320.5
1683853822181588772,318,317.5,317,316.5,316,318.5,319,319.5,320,320.5
1683853823541663855,318,317.5,317,316.5,316,318.5,319,319.5,320,320.5
1683853823551898471,318,317.5,317,316.5,316,318.5,319,319.5,320,320.5
1683853823947570251,318,317.5,317,316.5,316,318.5,319,319.5,320,320.5
1683853824726533648,318,317.5,317,316.5,316,318.5,319,319.5,320,320.5
1683853824889222757,318,317.5,317,316.5,316,318.5,319,319.5,320,320.5
1683853827679652888,318,317.5,317,316.5,316,318.5,319,319.5,320,320.5
1683853828957567909,318,317.5,317,316.5,316,318.5,319,319.5,320,320.5
1683853830403632503,318,317.5,317,316.5,316,318.5,319,319.5,320,320.5
1683853830704546880,318,317.5,317,316.5,316,318.5,319,319.5,320,320.5
1683853831269888386,318,317.5,317,316.5,316,318.5,319,319.5,320,320.5
1683853833805251481,318,317.5,317,316.5,316,318.5,319,319.5,320,320.5
1683853833883143849,318,317.5,317,316.5,316,318.5,319,319.5,320,320.5
1683853834205725598,318,317.5,317,316.5,316,318.5,319,319.5,320,320.5
1683853837630074854,318,317.5,317,316.5,316,318.5,319,319.5,320,320.5
1683853837675098238,318,317.5,317,316.5,316,318.5,319,319.5,320,320.5
1683853838918105197,318,317.5,317,316.5,316,318.5,319,319.5,320,320.5
1683853839491785420,318,317.5,317,316.5,316,318.5,319,319.5,320,320.5
1683853839526383260,318,317.5,317,316.5,316,318.5,319,319.5,320,320.5
1683853840360856850,318,317.5,317,316.5,316,318.5,319,319.5,320,320.5
1683853840768539361,318,317.5,317,316.5,316,318.5,319,319.5,320,320.5
1683853841571472442,318,317.5,317,316.5,316,318.5,319,319.5,320,320.5
1683853842094727268,318,317.5,317,316.5,316,318.5,319,319.5,320,320.5
1683853843528336916,318,317.5,317,316.5,316,318.5,319,319.5,320,320.5
1683853843731032991,318,317.5,317,316.5,316,318.5,319,319.5,320,320.5
1683853843813924205,318,317.5,317,316.5,316,318.5,319,319.5,320,320.5
1683853844372461065,318,317.5,317,316.5,316,318.5,319,319.5,320,320.5
1683853844981328024,317.5,317,316.5,316,315.5,318.5,319,319.5,320,320.5
1683853845003759721,317.5,317,316.5,316,315.5,318.5,319,319.5,320,320.5
1683853845003759721,317.5,317,316.5,316,315.5,318.5,319,319.5,320,320.5
1683853845026315300,317.5,317,316.5,316,315.5,318.5,319,319.5,320,320.5
1683853845047234077,317.5,317,316.5,316,315,318.5,319,319.5,320,320.5
1683853846831518029,317.5,317,316.5,316,315,318.5,319,319.5,320,320.5
1683853847063083319,317.5,317,316.5,316,315,318,318.5,319,319.5,320
1683853847095934639,317.5,317,316.5,316,315,318,318.5,319,319.5,320
1683853848692316763,317.5,317,316.5,316,315,318,318.5,319,319.5,320
1683853848743627873,317.5,317,316.5,316,315,318,318.5,319,319.5,320
1683853850501694390,317.5,317,316.5,316,315,318,318.5,319,319.5,320
1683853851987755750,317.5,317,316.5,316,315,318,318.5,319,319.5,320
1683853852523291253,317.5,317,316.5,316,315,318,318.5,319,319.5,320
1683853853465263960,317.5,317,316.5,316,315,318,318.5,319,319.5,320
1683853854567094941,317.5,317,316.5,316,315,318,318.5,319,319.5,320
1683853854819591450,317.5,317,316.5,316,315,318,318.5,319,319.5,320
1683853854959567945,317,316.5,316,315,314.5,318,318.5,319,319.5,320
1683853854981883615,317,316.5,316,315,314.5,318,318.5,319,319.5,320
1683853855002415915,317,316.5,316,315,314.5,318,318.5,319,319.5,320
1683853855013100747,317,316.5,316,315,314.5,318,318.5,319,319.5,320
1683853855086351440,317,316.5,316,315,314.5,318,318.5,319,319.5,320
1683853855546086764,317,316.5,316,315,314.5,318,318.5,319,319.5,320
1683853855757295021,317,316.5,316,315,314.5,317.5,318,318.5,319,319.5
1683853855789768893,317,316.5,316,315,314.5,317.5,318,318.5,319,319.5
1683853855789921640,317,316.5,316,315,314.5,317.5,318,318.5,319,319.5
1683853856188050653,317,316.5,316,315,314.5,317.5,318,318.5,319,319.5
1683853856332565830,317,316.5,316,315.5,315,317.5,318,318.5,319,319.5
1683853856433322618,317,316.5,316,315.5,315,317.5,318,318.5,319,319.5
1683853857622797937,317,316.5,316,315.5,315,317.5,318,318.5,319,319.5
1683853858244340735,317,316.5,316,315.5,315,317.5,318,318.5,319,319.5
1683853860540206095,317,316.5,316,315.5,315,317.5,318,318.5,319,319.5
1683853861998489038,317,316.5,316,315.5,315,317.5,318,318.5,319,319.5
1683853862334237879,317,316.5,316,315.5,315,317.5,318,318.5,319,319.5
1683853863339725569,317,316.5,316,315.5,315,317.5,318,318.5,319,319.5
1683853863722899594,317,316.5,316,315.5,315,317.5,318,318.5,319,319.5
1683853863836790802,317,316.5,316,315.5,315,317.5,318,318.5,319,319.5
1683853865549795813,317,316.5,316,315.5,315,317.5,318,318.5,319,319.5
1683853865740031293,317,316.5,316,315.5,315,317.5,318,318.5,319,319.5
1683853866501161415,317,316.5,316,315.5,315,317.5,318,318.5,319,319.5
1683853867783118464,317,316.5,316,315.5,315,317.5,318,318.5,319,319.5
1683853868108655071,317,316.5,316,315,314.5,317.5,318,318.5,319,319.5
1683853868139528167,317,316.5,316,315,314.5,317.5,318,318.5,319,319.5
1683853868239758065,317,316.5,316,315,314.5,317.5,318,318.5,319,319.5
1683853868703929388,317,316.5,316,315,314.5,317.5,318,318.5,319,319.5
1683853869312880384,317,316.5,316,315,314.5,317.5,318,318.5,319,319.5
1683853870072670881,317,316.5,316,315,314.5,317.5,318,318.5,319,319.5
1683853870909401077,317,316.5,316,315,314.5,317.5,318,318.5,319,319.5
1683853871547294524,317,316.5,316,315,314.5,317.5,318,318.5,319,319.5
1683853871867873974,317,316.5,316,315,314.5,317.5,318,318.5,319,319.5
1683853872269609689,317,316.5,316,315,314.5,317.5,318,318.5,319,319.5
1683853873552410823,317,316.5,316,315,314.5,317.5,318,318.5,319,319.5
1683853873706960470,316.5,316,315,314.5,314,317.5,318,318.5,319,319.5
1683853873741838065,316.5,316,315,314.5,314,317.5,318,318.5,319,319.5
1683853873751993312,316.5,316,315,314.5,314,317.5,318,318.5,319,319.5
1683853873774699835,316.5,316,315,314.5,314,317.5,318,318.5,319,319.5
1683853874772907607,317,316.5,316,315,314.5,317.5,318,318.5,319,319.5
1683853874795403835,317,316.5,316,315,314.5,317.5,318,318.5,319,319.5
1683853874826578127,317,316.5,316,315,314.5,317.5,318,318.5,319,319.5
1683853875942555488,317,316.5,316,315,314.5,317.5,318,318.5,319,319.5
1683853876537674403,317,316.5,316,315,314.5,317.5,318,318.5,319,319.5
1683853876537699450,316.5,316,315,314.5,314,317,317.5,318,318.5,319
1683853876560247626,316.5,316,315,314.5,314,317,317.5,318,318.5,319
1683853876572157918,316.5,316,315,314.5,314,317,317.5,318,318.5,319
1683853876582327973,316.5,316,315,314.5,314,317,317.5,318,318.5,319
1683853876594659426,316.5,316,315,314.5,314,317,317.5,318,318.5,319
1683853878147041877,316.5,316,315,314.5,314,317,317.5,318,318.5,319
1683853880146942152,316.5,316,315,314.5,314,317,317.5,318,318.5,319
1683853881557399429,316.5,316,315,314.5,314,317,317.5,318,318.5,319
1683853882330072924,316.5,316,315,314.5,314,317,317.5,318,318.5,319
1683853882719253396,316.5,316,315,314.5,314,317,317.5,318,318.5,319
1683853884141859393,316.5,316,315,314.5,314,317,317.5,318,318.5,319
1683853885263854563,316.5,316,315,314.5,314,317,317.5,318,318.5,319
1683853885349901551,316.5,316,315,314.5,314,317,317.5,318,318.5,319
1683853886275551500,316.5,316,315,314.5,314,317,317.5,318,318.5,319
1683853889286407922,316.5,316,315,314.5,314,317,317.5,318,318.5,319
1683853890031729782,316.5,316,315,314.5,314,317,317.5,318,318.5,319
1683853890379888664,316.5,316,315,314.5,314,317,317.5,318,318.5,319
1683853890493548097,316.5,316,315,314.5,314,317,317.5,318,318.5,319
1683853890963440801,316.5,316,315,314.5,314,317,317.5,318,318.5,319
1683853891053669181,316.5,316,315,314.5,314,317,317.5,318,318.5,319
1683853891956803054,316.5,316,315,314.5,314,317,317.5,318,318.5,319
1683853892303947541,316.5,316,315,314.5,314,317,317.5,318,318.5,319
1683853893010202000,316.5,316,315,314.5,314,317,317.5,318,318.5,319
1683853893799677683,316.5,316,315,314.5,314,317,317.5,318,318.5,319
1683853895398525585,316.5,316,315,314.5,314,317,317.5,318,318.5,319
1683853895811424590,316.5,316,315,314.5,314,317,317.5,318,318.5,319
1683853899366617608,316.5,316,315,314.5,314,317,317.5,318,318.5,319
1683853899376839059,316.5,316,315,314.5,314,317,317.5,318,318.5,319
1683853899683929361,316.5,316,315,314.5,314,317,317.5,318,318.5,319
1683853899728074527,316.5,316,315,314.5,314,317,317.5,318,318.5,319
1683853900004593880,316.5,316,315,314.5,314,317,317.5,318,318.5,319
1683853900061540882,316.5,316,315,314.5,314,317,317.5,318,318.5,319
1683853900082415585,316.5,316,315,314.5,314,317,317.5,318,318.5,319
1683853900622088757,316.5,316,315,314.5,314,317,317.5,318,318.5,319
1683853900642608755,316.5,316,315,314.5,314,317,317.5,318,318.5,319
1683853900830035751,316.5,316,315,314.5,314,317,317.5,318,318.5,319
1683853901298490917,316.5,316,315,314.5,314,317,317.5,318,318.5,319
1683853902016707556,316.5,316,315,314.5,314,317,317.5,318,318.5,319
1683853904199272695,316.5,316,315,314.5,314,317,317.5,318,318.5,319
1683853904536126810,316.5,316,315,314.5,314,317,317.5,318,318.5,319
1683853905461589487,316.5,316,315,314.5,314,317,317.5,318,318.5,319
1683853906137267807,316,315,314.5,314,313.5,317,317.5,318,318.5,319
1683853906173080398,316,315,314.5,314,313.5,317,317.5,318,318.5,319
1683853906181676467,316,315,314.5,314,313.5,317,317.5,318,318.5,319
1683853906203957311,316,315,314.5,314,313.5,317,317.5,318,318.5,319
1683853907453134223,316,315,314.5,314,313.5,316.5,317,317.5,318,318.5
1683853907483858029,316,315,314.5,314,313,316.5,317,317.5,318,318.5
1683853907483858029,316,315,314.5,314,313,317,317.5,318,318.5,319
1683853907505364278,316,315,314.5,314,313,317,317.5,318,318.5,319
1683853907505364278,316,315,314.5,314,313,317,317.5,318,318.5,319
1683853907505364278,316,315,314.5,314,313,317,317.5,318,318.5,319
1683853907538220728,316,315,314.5,314,313.5,317,317.5,318,318.5,319
1683853907538220728,316,315,314.5,314,313.5,317,317.5,318,318.5,319
1683853907538286141,316,315,314.5,314,313.5,317.5,318,318.5,319,319.5
1683853907538286141,316,315,314.5,314,313.5,317.5,318,318.5,319,319.5
1683853907538286141,316,315,314.5,314,313.5,317.5,318,318.5,319,319.5
1683853907572244831,316,315,314.5,314,313.5,317.5,318,318.5,319,319.5
1683853907572244831,316,315,314.5,314,313,317.5,318,318.5,319,319.5
1683853907572244831,316,315,314.5,314,313,317.5,318,318.5,319,319.5
1683853907582308215,316.5,316,315,314.5,314,317.5,318,318.5,319,319.5
1683853907606825698,316.5,316,315,314.5,314,317.5,318,318.5,319,319.5
1683853907606825698,316.5,316,315,314.5,314,317.5,318,318.5,319,319.5
1683853907617392538,316.5,316,315,314.5,314,317.5,318,318.5,319,319.5
1683853907617392538,316.5,316,315,314.5,314,317.5,318,318.5,319,319.5
1683853907617504719,316.5,316,315,314.5,314,317.5,318,318.5,319,319.5
1683853907617504719,316.5,316,315,314.5,314,317.5,318,318.5,319,319.5
1683853907639799208,316.5,316,315,314.5,314,317.5,318,318.5,319,319.5
1683853908256142042,316.5,316,315,314.5,314,317.5,318,318.5,319,319.5
1683853908426950566,316.5,316,315,314.5,314,317.5,318,318.5,319,319.5
1683853908490712253,316.5,316,315,314.5,314,317.5,318,318.5,319,319.5
1683853909090546421,316.5,316,315,314.5,314,318,318.5,319,319.5,320
1683853909124580653,316.5,316,315,314.5,314,318,318.5,319,319.5,320
1683853909161622721,316.5,316,315,314.5,314,318,318.5,319,319.5,320
1683853909498440339,316.5,316,315,314.5,314,318,318.5,319,319.5,320
1683853910025387827,316.5,316,315,314.5,314,318,318.5,319,319.5,320
1683853910468042690,317,316.5,316,315,314.5,318,318.5,319,319.5,320
1683853910491379046,317,316.5,316,315,314.5,318,318.5,319,319.5,320
1683853910491405215,317,316.5,316,315,314.5,318,318.5,319,319.5,320
1683853910499658541,317,316.5,316,315,314.5,318,318.5,319,319.5,320
1683853910520955778,317,316.5,316,315,314.5,318,318.5,319,319.5,320
1683853910521123002,317,316.5,316,315,314.5,318.5,319,319.5,320,320.5
1683853910551834174,317,316.5,316,315,314.5,318.5,319,319.5,320,320.5
1683853910582629184,317,316.5,316,315,314.5,318.5,319,319.5,320,320.5
1683853912483543615,317,316.5,316,315,314.5,318.5,319,319.5,320,320.5
1683853913148957713,317,316.5,316,315,314.5,318.5,319,319.5,320,320.5
1683853913300299518,317,316.5,316,315,314.5,318.5,319,319.5,320,320.5
1683853917797593591,317,316.5,316,315,314.5,318.5,319,319.5,320,320.5
1683853917828958080,317,316.5,316,315,314.5,319,319.5,320,320.5,321
1683853917863310388,317.5,317,316.5,316,315,319,319.5,320,320.5,321
1683853917863310388,317.5,317,316.5,316,315,319,319.5,320,320.5,321
1683853917863460320,317.5,317,316.5,316,315,319,319.5,320,320.5,321
1683853917863460320,317.5,317,316.5,316,315,319,319.5,320,320.5,321
1683853917887566731,317.5,317,316.5,316,315,319,319.5,320,320.5,321
1683853917887566731,317.5,317,316.5,316,315,319,319.5,320,320.5,321
1683853917887825968,317.5,317,316.5,316,315.5,319,319.5,320,320.5,321
1683853917896094573,317.5,317,316.5,316,315.5,319,319.5,320,320.5,321
1683853917896201153,317.5,317,316.5,316,315.5,319,319.5,320,320.5,321
1683853917920612907,317.5,317,316.5,316,315.5,319,319.5,320,320.5,321
1683853917931386095,317.5,317,316.5,316,315.5,319,319.5,320,320.5,321
1683853917931386095,317.5,317,316.5,316,315.5,319,319.5,320,320.5,321
1683853917965764072,318,317.5,317,316.5,316,319,319.5,320,320.5,321
1683853917988543421,318,317.5,317,316.5,316,319,319.5,320,320.5,321
1683853917988651635,318,317.5,317,316.5,316,319,319.5,320,320.5,321
1683853917988651635,318,317.5,317,316.5,316,319,319.5,320,320.5,321
1683853917988742114,318,317.5,317,316.5,316,319,319.5,320,320.5,321
1683853917988742114,318,317.5,317,316.5,316,319,319.5,320,320.5,321
1683853918011318032,318,317.5,317,316.5,316,319,319.5,320,320.5,321
1683853918066196079,318,317.5,317,316.5,316,319,319.5,320,320.5,321
1683853919125881668,318,317.5,317,316.5,316,319,319.5,320,320.5,321
1683853919835871630,318,317.5,317,316.5,316,319,319.5,320,320.5,321
1683853919981919294,318,317.5,317,316.5,316,319,319.5,320,320.5,321
1683853921323573107,318,317.5,317,316.5,316,319,319.5,320,320.5,321
1683853922552158967,318,317.5,317,316.5,316,318.5,319,319.5,320,320.5
1683853923744741448,318,317.5,317,316.5,316,319,319.5,320,320.5,321
1683853923766732147,318,317.5,317,316.5,316,319,319.5,320,320.5,321
1683853924568534894,318,317.5,317,316.5,316,319,319.5,320,320.5,321
1683853925507502577,318,317.5,317,316.5,316,319,319.5,320,320.5,321
1683853925881683295,318,317.5,317,316.5,316,319,319.5,320,320.5,321
1683853926861378677,318,317.5,317,316.5,316,318.5,319,319.5,320,320.5
1683853926861378677,318,317.5,317,316.5,316,318.5,319,319.5,320,320.5
1683853926882902059,318,317.5,317,316.5,316,319,319.5,320,320.5,321
1683853926903332017,318,317.5,317,316.5,316,319,319.5,320,320.5,321
1683853930262993670,318,317.5,317,316.5,316,319,319.5,320,320.5,321
1683853930521914791,318.5,318,317.5,317,316.5,319,319.5,320,320.5,321
1683853930540929613,318.5,318,317.5,317,316,319,319.5,320,320.5,321
1683853930540929613,318.5,318,317.5,317,316,319,319.5,320,320.5,321
1683853930540929613,318.5,318,317.5,317,316,319.5,320,320.5,321,321.5
1683853930540943208,318.5,318,317.5,317,316,319.5,320,320.5,321,321.5
1683853930553053406,318.5,318,317.5,317,316,319.5,320,320.5,321,321.5
1683853930561509222,318.5,318,317.5,317,316,319.5,320,320.5,321,321.5
1683853930561509222,318.5,318,317.5,317,316,319.5,320,320.5,321,321.5
1683853930561509222,318.5,318,317.5,317,316,319.5,320,320.5,321,321.5
1683853930583782532,318.5,318,317.5,317,316,319.5,320,320.5,321,321.5
1683853930595071117,318.5,318,317.5,317,316,319.5,320,320.5,321,321.5
1683853931356181812,318.5,318,317.5,317,316,319.5,320,320.5,321,321.5
1683853932545866642,318.5,318,317.5,317,316,319,319.5,320,320.5,321
1683853932579572697,318.5,318,317.5,317,316,319,319.5,320,320.5,321
1683853932589795381,318.5,318,317.5,317,316,319,319.5,320,320.5,321
1683853933267936455,318.5,318,317.5,317,316,319,319.5,320,320.5,321
1683853935448025754,318.5,318,317.5,317,316,319,319.5,320,320.5,321
1683853935492781045,318.5,318,317.5,317,316,319,319.5,320,320.5,321
1683853935525497682,318.5,318,317.5,317,316,319,319.5,320,320.5,321
1683853935826128346,318.5,318,317.5,317,316,319,319.5,320,320.5,321
1683853937359593055,318.5,318,317.5,317,316,319,319.5,320,320.5,321
1683853937416922976,318.5,318,317.5,317,316,319,319.5,320,320.5,321
1683853937439144288,318.5,318,317.5,317,316,319,319.5,320,320.5,321
1683853938699986491,318.5,318,317.5,317,316,319,319.5,320,320.5,321
1683853939771968526,318.5,318,317.5,317,316.5,319,319.5,320,320.5,321
1683853940678577383,318.5,318,317.5,317,316.5,319,319.5,320,320.5,321
1683853943321412617,318.5,318,317.5,317,316.5,319,319.5,320,320.5,321
1683853944251305681,318.5,318,317.5,317,316.5,319,319.5,320,320.5,321
1683853944291999096,318.5,318,317.5,317,316.5,319,319.5,320,320.5,321
1683853944336058540,319,318.5,318,317.5,317,319.5,320,320.5,321,321.5
1683853944358794378,319,318.5,318,317.5,317,319.5,320,320.5,321,321.5
1683853944358794378,319,318.5,318,317.5,317,319.5,320,320.5,321,321.5
1683853944358984696,319,318.5,318,317.5,317,319.5,320,320.5,321,321.5
1683853944381087655,319,318.5,318,317.5,317,319.5,320,320.5,321,321.5
1683853946259402142,319,318.5,318,317.5,317,319.5,320,320.5,321,321.5
1683853947389932836,319,318.5,318,317.5,317,319.5,320,320.5,321,321.5
1683853947891607543,319,318.5,318,317.5,317,319.5,320,320.5,321,321.5
1683853948140196565,319,318.5,318,317.5,317,319.5,320,320.5,321,321.5
1683853948861203422,319,318.5,318,317.5,317,319.5,320,320.5,321,321.5
1683853949238978879,319,318.5,318,317.5,317,319.5,320,320.5,321,321.5
1683853949271702921,318.5,318,317.5,317,316.5,319.5,320,320.5,321,321.5
1683853949304698602,318.5,318,317.5,317,316.5,319.5,320,320.5,321,321.5
1683853949317044543,318.5,318,317.5,317,316.5,319.5,320,320.5,321,321.5
1683853949317044543,318.5,318,317.5,317,316.5,319.5,320,320.5,321,321.5
1683853949317398447,318.5,318,317.5,317,316.5,319.5,320,320.5,321,321.5
1683853949317398447,318.5,318,317.5,317,316.5,319.5,320,320.5,321,321.5
1683853949327471260,318.5,318,317.5,317,316.5,319.5,320,320.5,321,321.5
1683853949339642492,318.5,318,317.5,317,316.5,319.5,320,320.5,321,321.5
1683853949349595099,318.5,318,317.5,317,316.5,319.5,320,320.5,321,321.5
1683853949361929137,318.5,318,317.5,317,316.5,319.5,320,320.5,321,321.5
1683853949382496854,318.5,318,317.5,317,316.5,319.5,320,320.5,321,321.5
1683853949417117556,319,318.5,318,317.5,317,319.5,320,320.5,321,321.5
1683853949450503671,319,318.5,318,317.5,317,319.5,320,320.5,321,321.5
1683853949484869535,319,318.5,318,317.5,317,319.5,320,320.5,321,321.5
1683853949824086948,319,318.5,318,317.5,317,319.5,320,320.5,321,321.5
1683853950860975803,319,318.5,318,317.5,317,319.5,320,320.5,321,321.5
1683853951146746075,319,318.5,318,317.5,317,319.5,320,320.5,321,321.5
1683853952208557615,319,318.5,318,317.5,317,319.5,320,320.5,321,321.5
1683853952244354416,318.5,318,317.5,317,316.5,319.5,320,320.5,321,321.5
1683853952278365484,318.5,318,317.5,317,316.5,319.5,320,320.5,321,321.5
1683853952290467426,318.5,318,317.5,317,316.5,319.5,320,320.5,321,321.5
1683853952311021918,318.5,318,317.5,317,316.5,319.5,320,320.5,321,321.5
1683853952311021918,318.5,318,317.5,317,316.5,319.5,320,320.5,321,321.5
1683853952813886749,318.5,318,317.5,317,316.5,319.5,320,320.5,321,321.5
1683853953661808056,318.5,318,317.5,317,316.5,319,319.5,320,320.5,321
1683853953696464927,318.5,318,317.5,317,316.5,319,319.5,320,320.5,321
1683853954447177959,318.5,318,317.5,317,316.5,319,319.5,320,320.5,321
1683853956606879547,318.5,318,317.5,317,316.5,319,319.5,320,320.5,321
1683853960653901882,318.5,318,317.5,317,316.5,319,319.5,320,320.5,321
1683853964747653583,318.5,318,317.5,317,316.5,319,319.5,320,320.5,321
1683853964778266411,318.5,318,317.5,317,316.5,319,319.5,320,320.5,321
1683853964778266411,318,317.5,317,316.5,316,319,319.5,320,320.5,321
1683853964808935895,318,317.5,317,316.5,316,318.5,319,319.5,320,320.5
1683853964819337975,318,317.5,317,316.5,316,318.5,319,319.5,320,320.5
1683853964839776680,318,317.5,317,316.5,316,318.5,319,319.5,320,320.5
1683853964839776680,318,317.5,317,316.5,316,318.5,319,319.5,320,320.5
1683853965484726926,318,317.5,317,316.5,316,318.5,319,319.5,320,320.5
1683853965882263396,318,317.5,317,316.5,316,318.5,319,319.5,320,320.5
1683853965914919770,318,317.5,317,316.5,316,318.5,319,319.5,320,320.5
1683853966484278448,318,317.5,317,316.5,316,318.5,319,319.5,320,320.5
1683853967608654846,318,317.5,317,316.5,316,319,319.5,320,320.5,321
1683853968952136469,318,317.5,317,316.5,316,319,319.5,320,320.5,321
1683853971727446080,318,317.5,317,316.5,316,319,319.5,320,320.5,321
1683853971759947013,318,317.5,317,316.5,316,319,319.5,320,320.5,321
1683853973392327171,318,317.5,317,316.5,316,319,319.5,320,320.5,321
1683853973889913531,318,317.5,317,316.5,316,319,319.5,320,320.5,321
1683853975352292912,318,317.5,317,316.5,316,319,319.5,320,320.5,321
1683853975954335045,318,317.5,317,316.5,316,319,319.5,320,320.5,321
1683853978342329326,318,317.5,317,316.5,316,318.5,319,319.5,320,320.5
1683853978680294097,318,317.5,317,316.5,316,318.5,319,319.5,320,320.5
1683853980701713340,318,317.5,317,316.5,316,318.5,319,319.5,320,320.5
1683853982530626361,318,317.5,317,316.5,316,318.5,319,319.5,320,320.5
1683853983345826431,318,317.5,317,316.5,316,318.5,319,319.5,320,320.5
1683853984513081797,318,317.5,317,316.5,316,318.5,319,319.5,320,320.5
1683853984592881186,318,317.5,317,316.5,316,318.5,319,319.5,320,320.5
1683853986868221602,318,317.5,317,316.5,316,318.5,319,319.5,320,320.5
1683853988715551962,318,317.5,317,316.5,316,318.5,319,319.5,320,320.5
1683853989682228569,318,317.5,317,316.5,316,318.5,319,319.5,320,320.5
1683853990083684789,318,317.5,317,316.5,316,319,319.5,320,320.5,321
1683853990114392945,318,317.5,317,316.5,316,319,319.5,320,320.5,321
1683853994863723805,318,317.5,317,316.5,316,319,319.5,320,320.5,321
1683853994896555769,318,317.5,317,316.5,316,319,319.5,320,320.5,321
1683853995029687713,318,317.5,317,316.5,316,319,319.5,320,320.5,321
1683853997047024791,318,317.5,317,316.5,316,319,319.5,320,320.5,321
1683853998192856503,318,317.5,317,316.5,316,318.5,319,319.5,320,320.5
1683853999254786313,318,317.5,317,316.5,316,318.5,319,319.5,320,320.5
1683854000876806389,318,317.5,317,316.5,316,318.5,319,319.5,320,320.5
1683854003309835705,318,317.5,317,316.5,316,318.5,319,319.5,320,320.5
1683854004919632671,318,317.5,317,316.5,316,318.5,319,319.5,320,320.5
1683854005621134134,318,317.5,317,316.5,316,318.5,319,319.5,320,320.5
1683854005652846496,318,317.5,317,316.5,316,318.5,319,319.5,320,320.5
1683854005755153985,318,317.5,317,316.5,316,318.5,319,319.5,320,320.5
1683854005946508715,318,317.5,317,316.5,316,318.5,319,319.5,320,320.5
1683854008844685014,318,317.5,317,316.5,316,318.5,319,319.5,320,320.5
1683854011049008470,318,317.5,317,316.5,316,318.5,319,319.5,320,320.5
1683854016171396597,318,317.5,317,316.5,316,318.5,319,319.5,320,320.5
1683854016300495338,318,317.5,317,316.5,316,318.5,319,319.5,320,320.5
1683854017550708862,318,317.5,317,316.5,316,318.5,319,319.5,320,320.5
1683854019791253927,318,317.5,317,316.5,316,318.5,319,319.5,320,320.5
1683854020462947363,318,317.5,317,316.5,316,318.5,319,319.5,320,320.5
1683854020569710528,318,317.5,317,316.5,316,318.5,319,319.5,320,320.5
1683854021075450446,318,317.5,317,316.5,316,318.5,319,319.5,320,320.5
1683854021989696721,318,317.5,317,316.5,316,318.5,319,319.5,320,320.5
1683854022155631324,318,317.5,317,316.5,316,318.5,319,319.5,320,320.5
1683854022176049640,318,317.5,317,316.5,316,319,319.5,320,320.5,321
1683854022206993960,318,317.5,317,316.5,316,319,319.5,320,320.5,321
1683854025082495855,318,317.5,317,316.5,316,319,319.5,320,320.5,321
1683854025113265157,318,317.5,317,316.5,316,319,319.5,320,320.5,321
1683854025167334566,318,317.5,317,316.5,316,319,319.5,320,320.5,321
1683854029634595909,318,317.5,317,316.5,316,318.5,319,319.5,320,320.5
1683854029668935213,318,317.5,317,316.5,316,319,319.5,320,320.5,321
1683854029679253997,318,317.5,317,316.5,316,319,319.5,320,320.5,321
1683854029710871902,318,317.5,317,316.5,316,319,319.5,320,320.5,321
1683854032113212286,318.5,318,317.5,317,316.5,319,319.5,320,320.5,321
1683854032146354473,318.5,318,317.5,317,316.5,319,319.5,320,320.5,321
1683854032146354473,318.5,318,317.5,317,316.5,319,319.5,320,320.5,321
1683854032146468407,318.5,318,317.5,317,316.5,319,319.5,320,320.5,321
1683854032146468407,318.5,318,317.5,317,316.5,319,319.5,320,320.5,321
1683854032178672712,318.5,318,317.5,317,316.5,319,319.5,320,320.5,321
1683854032178672712,318.5,318,317.5,317,316.5,319.5,320,320.5,321,321.5
1683854032178672712,318.5,318,317.5,317,316.5,319.5,320,320.5,321,321.5
1683854032178727004,319,318.5,318,317.5,317,319.5,320,320.5,321,321.5
1683854032178727004,319,318.5,318,317.5,317,319.5,320,320.5,321,321.5
1683854032211802215,319,318.5,318,317.5,317,319.5,320,320.5,321,321.5
1683854032211802215,319,318.5,318,317.5,317,319.5,320,320.5,321,321.5
1683854032234015412,319,318.5,318,317.5,317,319.5,320,320.5,321,321.5
