Timestamp,BidPrice0,BidPrice1,BidPrice2,BidPrice3,BidPrice4,AskPrice0,AskPrice1,AskPrice2,AskPrice3,AskPrice4
1684449019351371277,0,0,0,0,0,0,0,0,0,0
1684456219270135109,310.5,308.5,308,306,305.5,319,319.5,320,323,325
1684456224287033262,310.5,308.5,308,306,305.5,319,319.5,320,321,323
1684456229296437095,310.5,308.5,308,306,305.5,313.5,319,319.5,320,321
1684456234307935862,310.5,308.5,308,306,305.5,313.5,319,319.5,320,321
1684456239323454866,310.5,308.5,308,306,305.5,313.5,319,319.5,320,321
1684456244351285245,310.5,309.5,308.5,308,307.5,313.5,319,319.5,320,321
1684456254380441813,310.5,309.5,308.5,308,307.5,313.5,316.5,319,319.5,320
1684456264413816110,310.5,309.5,308.5,308,307.5,313.5,314,316.5,317,319
1684456274438889694,310.5,309.5,308.5,308,307.5,313.5,314,316.5,317,317.5
1684456279442215618,310.5,309.5,308.5,308,307.5,313.5,314,315,316.5,317
1684456284459777870,310.5,309.5,308.5,308,307.5,313.5,314,315,316.5,317
1684456294499196799,310.5,309.5,308.5,308,307.5,313.5,314,315,316.5,317
1684456299518865987,310.5,309.5,308.5,308,307.5,313.5,314,315,316.5,317
1684456304538614816,310.5,309.5,308.5,308,307.5,313.5,314,315,316.5,317
1684456309543944283,310.5,309.5,308.5,308,307.5,313.5,314,315,316.5,317
1684456319587499228,310.5,309.5,308.5,308,307.5,313.5,314,315,316.5,317
1684456324596948070,310.5,309.5,308.5,308,307.5,313.5,314,315,316.5,317
1684456334625961846,310.5,309.5,308.5,308,307.5,313.5,314,315,316.5,317
1684456339647785051,310.5,309.5,308.5,308,307.5,313.5,314,315,316.5,317
1684456349679027121,310.5,309.5,308.5,308,307.5,313.5,314,315,316.5,317
1684456354692552778,310.5,309.5,308.5,308,307.5,314,315,316.5,317,317.5
1684456369745466461,317.5,316.5,313.5,310.5,309.5,319,319.5,320,320.5,321
1684456384790244723,317.5,316.5,313.5,310.5,309.5,319,319.5,320,320.5,321
1684456394831775223,317.5,316.5,313.5,310.5,310,319,319.5,320,320.5,321
1684456399845291354,317.5,316.5,313.5,310.5,310,319,319.5,320,320.5,321
1684456414894171189,317.5,316.5,313.5,310.5,310,319,319.5,320,320.5,321
1684456419913870570,317.5,316.5,313.5,310.5,310,318,319,319.5,320,320.5
1684456429949120391,317.5,316.5,313.5,310.5,310,318,319,319.5,320,320.5
1684456470065858272,317.5,316.5,313.5,310.5,310,319,319.5,320,320.5,321
1684456495145851444,317.5,316.5,313.5,310.5,310,319,319.5,320,320.5,321
1684456500161454168,317.5,316.5,313.5,310.5,310,318,319,319.5,320,320.5
1684456505173059366,317.5,316.5,313.5,310.5,310,318,319,319.5,320,320.5
1684456520219786925,317.5,316.5,313.5,310.5,310,318,319,319.5,320,320.5
1684456525239563124,317.5,316.5,313.5,310.5,310,318,319,319.5,320,320.5
1684456540290487811,317.5,316.5,313.5,310.5,310,318,319,319.5,320,320.5
1684456550311446376,317.5,316.5,313.5,310.5,310,318,319,319.5,320,320.5
1684456570392196804,317.5,316.5,313.5,310.5,310,318,319,319.5,320,320.5
1684456635605437200,317.5,316.5,313.5,310.5,310,318,319,319.5,320,320.5
1684456665680556021,317.5,316.5,313.5,310.5,310,318,319,319.5,320,320.5
1684456715850996414,317.5,316.5,313.5,310.5,310,318,319,319.5,320,320.5
1684456750972522252,317.5,316.5,313.5,310.5,310,318,319,319.5,320,320.5
1684456776036224681,313.5,310.5,310,309.5,309,316.5,317,317.5,318,319
1684456791091278405,313.5,310.5,310,309.5,309,316.5,317,317.5,318,319
1684456806746268805,313.5,310.5,310,309.5,309,316.5,317,317.5,318,319
1684456811954492940,313.5,310.5,310,309.5,309,315,316.5,317,317.5,318
1684456862126843563,313.5,310.5,310,309.5,309,315,316.5,317,317.5,318
1684456882185083620,313.5,310.5,310,309.5,309,315,316,316.5,317,317.5
1684456897223777844,313.5,310.5,310,309.5,309,315,316,316.5,317,317.5
1684456917294325913,313.5,310.5,310,309.5,309,315,316,316.5,317,317.5
1684456977477671168,313.5,310.5,310,309.5,309,315,316,316.5,317,317.5
1684457037673091503,313.5,310.5,310,309.5,309,314,315,316,316.5,317
1684457077806211855,313.5,310.5,310,309.5,309,315,316,316.5,317,317.5
1684457082813503989,313.5,310.5,310,309.5,309,315,316,316.5,317,317.5
1684457313534590071,313.5,310.5,310,309.5,309,314.5,315,316,316.5,317
1684457399016983478,313.5,311,310.5,310,309.5,314.5,315,316,316.5,317
1684457404230234796,313.5,311,310.5,310,309.5,314.5,315,316,316.5,317
1684457419670180742,314,313.5,311,310.5,310,314.5,315,316,316.5,317
1684457464818997980,314,313.5,311,310.5,310,314.5,315,316,316.5,317
1684457469828342432,314,313.5,311,310.5,310,314.5,315,316,316.5,317
1684457489898906799,314,313.5,311,310.5,310,314.5,315,316,316.5,317
1684457494912372899,314,313.5,311,310.5,310,314.5,315,316,316.5,317
1684457525004149018,314,313.5,311,310.5,310,314.5,315,316,316.5,317
1684457555110129797,314,313.5,311,310.5,310,314.5,315,316,316.5,317
1684457575170404394,314,313.5,311,310.5,310,314.5,315,316,316.5,317
1684457590223463473,314,313.5,311,310.5,310,314.5,315,316,316.5,317
1684457645399096917,314,313.5,311,310.5,310,314.5,315,316,316.5,317
1684457650410582677,314,313.5,311,310.5,310,314.5,315,316,316.5,317
1684457655424196712,314,313.5,311,310.5,310,315,316,316.5,317,317.5
1684457675480437559,314,313.5,311,310.5,310,315,316,316.5,317,317.5
1684457690529320202,314,313.5,311,310.5,310,315,316,316.5,317,317.5
1684457715618601546,314,313.5,311,310.5,310,315,316,316.5,317,317.5
1684457725637481347,314,313.5,311,310.5,310,315,316,316.5,317,317.5
1684457730651082680,314,313.5,311,310.5,310,315,316,316.5,317,317.5
1684457770771843062,314,313.5,311,310.5,310,315,316,316.5,317,317.5
1684457785833065762,314,313.5,311,310.5,310,315,316,316.5,317,317.5
1684457795868383732,314,313.5,311,310.5,310,315,316,316.5,317,317.5
1684457800885946084,314,313.5,313,311,310.5,315,316,316.5,317,317.5
1684457820938142212,314.5,314,313.5,313,311,315,316,316.5,317,317.5
1684457825943486561,314.5,314,313.5,313,311,315,316,316.5,317,317.5
1684457836001400799,314.5,314,313.5,313,311,315,316,316.5,317,317.5
1684457881135724112,314.5,314,313.5,313,311,315,316,316.5,317,317.5
1684457896190650885,314.5,314,313.5,313,311,315,316,316.5,317,317.5
1684457901205267857,314,313.5,313,311,310.5,315,316,316.5,317,317.5
1684457906214771577,314.5,314,313.5,313,311,315,316,316.5,317,317.5
1684457916247986622,314,313.5,313,311,310.5,315,316,316.5,317,317.5
1684457926277205422,314,313.5,313,311,310.5,315,316,316.5,317,317.5
1684457951353306530,314,313.5,313,311,310.5,315,316,316.5,317,317.5
1684457961400794384,314,313.5,313,311,310.5,316,316.5,317,317.5,318
1684457971416674339,314.5,314,313.5,313,311,315.5,316,316.5,317,317.5
1684457976426105225,314.5,314,313.5,313,311,315.5,316,316.5,317,317.5
1684457981453962037,314.5,314,313.5,313,311,315.5,316,316.5,317,317.5
1684457991483128084,314.5,314,313.5,313,311,315,315.5,316,316.5,317
1684457996707592364,314.5,314,313.5,313,311,315,315.5,316,316.5,317
1684458019379549277,314,313.5,313,311,310.5,314.5,315,315.5,316,316.5
1684458019467539106,314,313.5,313,311,310.5,314.5,315,315.5,316,316.5
1684458020282520441,314,313.5,313,311,310.5,314.5,315,315.5,316,316.5
1684458023135369856,314,313.5,313,311,310.5,314.5,315,315.5,316,316.5
1684458023239794914,314,313.5,313,311,310.5,315,315.5,316,316.5,317
1684458023297818058,314,313.5,313,311,310.5,315,315.5,316,316.5,317
1684458024198484985,314,313.5,313,311,310.5,315,315.5,316,316.5,317
1684458024473579661,314,313.5,313,312.5,311,315,315.5,316,316.5,317
1684458024782168206,314,313.5,313,312.5,311,315,315.5,316,316.5,317
1684458027515200042,314.5,314,313.5,313,312.5,315,315.5,316,316.5,317
1684458028320877447,314.5,314,313.5,313,312.5,315,315.5,316,316.5,317
1684458028932984055,314.5,314,313.5,313,312.5,315,315.5,316,316.5,317
1684458029592577514,314.5,314,313.5,313,312.5,315,315.5,316,316.5,317
1684458032973685564,314.5,314,313.5,313,312.5,315,315.5,316,316.5,317
1684458033709325187,314.5,314,313.5,313,312.5,315,315.5,316,316.5,317
1684458034465160269,314.5,314,313.5,313,312.5,315,315.5,316,316.5,317
1684458036532679131,314.5,314,313.5,313,312.5,315,315.5,316,316.5,317
1684458036577858590,314,313.5,313,312.5,311,315,315.5,316,316.5,317
1684458039400268921,314,313.5,313,312.5,311,315,315.5,316,316.5,317
1684458041411940585,314,313.5,313,312.5,311,314.5,315,315.5,316,316.5
1684458041444746771,314,313.5,313,312.5,312,314.5,315,315.5,316,316.5
1684458041444746771,314,313.5,313,312.5,312,314.5,315,315.5,316,316.5
1684458044579194002,314,313.5,313,312.5,312,314.5,315,315.5,316,316.5
1684458046171250949,314,313.5,313,312.5,312,314.5,315,315.5,316,316.5
1684458046192083404,314,313.5,313,312.5,312,315,315.5,316,316.5,317
1684458046214830323,314,313.5,313,312.5,312,315,315.5,316,316.5,317
1684458046246503843,314,313.5,313,312.5,312,315,315.5,316,316.5,317
1684458046777786516,314,313.5,313,312.5,312,315,315.5,316,316.5,317
1684458047151603413,314.5,314,313.5,313,312.5,315,315.5,316,316.5,317
1684458047172905550,314.5,314,313.5,313,312.5,315,315.5,316,316.5,317
1684458047193651452,314.5,314,313.5,313,312.5,315,315.5,316,316.5,317
1684458049178646717,314.5,314,313.5,313,312.5,315,315.5,316,316.5,317
1684458050040119734,314.5,314,313.5,313,312.5,315,315.5,316,316.5,317
1684458050340235450,314.5,314,313.5,313,312.5,315,315.5,316,316.5,317
1684458052647778218,314.5,314,313.5,313,312.5,315,315.5,316,316.5,317
1684458053800737217,314.5,314,313.5,313,312.5,315.5,316,316.5,317,317.5
1684458053831238957,314.5,314,313.5,313,312,315.5,316,316.5,317,317.5
1684458053862907468,314.5,314,313.5,313,312,315.5,316,316.5,317,317.5
1684458054225612180,314.5,314,313.5,313,312,315.5,316,316.5,317,317.5
1684458054884868947,314.5,314,313.5,313,312,315.5,316,316.5,317,317.5
1684458055277534393,314.5,314,313.5,313,312,315.5,316,316.5,317,317.5
1684458058370540673,314.5,314,313.5,313,312,315.5,316,316.5,317,317.5
1684458058425882162,314,313.5,313,312,311,315.5,316,316.5,317,317.5
1684458058460402798,314,313.5,313,312,311,315.5,316,316.5,317,317.5
1684458058494485481,314,313.5,313,312,311,315.5,316,316.5,317,317.5
1684458060721679106,314,313.5,313,312,311,315.5,316,316.5,317,317.5
1684458064667822371,314,313.5,313,312,311,315,315.5,316,316.5,317
1684458064700917089,314,313.5,313,312,311,315,315.5,316,316.5,317
1684458064701524370,314,313.5,313,312,311,315,315.5,316,316.5,317
1684458064701605271,314,313.5,313,312,311,315,315.5,316,316.5,317
1684458064736236735,314,313.5,313,312.5,312,315,315.5,316,316.5,317
1684458064736299533,314,313.5,313,312.5,312,315,315.5,316,316.5,317
1684458064796104813,0,0,0,0,0,0,0,0,0,0
1684458064796104813,315.5,314,313.5,313,312.5,316,316.5,317,317.5,318
1684458064821863077,315.5,314,313.5,313,312.5,316,316.5,317,317.5,318
1684458064821918160,315.5,314,313.5,313,312,316,316.5,317,317.5,318
1684458064821918160,315.5,314,313.5,313,312,316,316.5,317,317.5,318
1684458064821918160,314,313.5,313,312,311,316,316.5,317,317.5,318
1684458064833430466,314,313.5,313,312,311,316,316.5,317,317.5,318
1684458064845895410,314,313.5,313,312,311,316,316.5,317,317.5,318
1684458064845895410,314,313.5,313,312,311,316,316.5,317,317.5,318
1684458064856836292,314,313.5,313,312,311,316,316.5,317,317.5,318
1684458064856836292,314,313.5,313,312,311,316,316.5,317,317.5,318
1684458064856945577,314,313.5,313,312,311,316,316.5,317,317.5,318
1684458064856945577,314,313.5,313,312,311,316,316.5,317,317.5,318
1684458064865269446,314,313.5,313,312,311,316,316.5,317,317.5,318
1684458064865269446,314,313.5,313,312,311,316,316.5,317,317.5,318
1684458064865381326,314,313.5,313,312,311,316,316.5,317,317.5,318
1684458064898907976,314,313.5,313,312,311,316,316.5,317,317.5,318
1684458064898907976,314.5,314,313.5,313,312,316,316.5,317,317.5,318
1684458064932069470,314,313.5,313,312,311,316,316.5,317,317.5,318
1684458064932069470,314,313.5,313,312,311,316,316.5,317,317.5,318
1684458064975460160,314,313.5,313,312,311,316,316.5,317,317.5,318
1684458065127265128,314,313.5,313,312,311,316,316.5,317,317.5,318
1684458065268364024,314,313.5,313,312,311,316,316.5,317,317.5,318
1684458065402951765,314,313.5,313,312,311,316,316.5,317,317.5,318
1684458065447576372,314,313.5,313,312,311,316,316.5,317,317.5,318
1684458065626625804,314,313.5,313,312,311,316,316.5,317,317.5,318
1684458065937387058,314,313.5,313,312,311,316,316.5,317,317.5,318
1684458065971819017,314.5,314,313.5,313,312,316,316.5,317,317.5,318
1684458066004997342,314.5,314,313.5,313,312,316,316.5,317,317.5,318
1684458066043080237,314.5,314,313.5,313,312,316,316.5,317,317.5,318
1684458066073696772,314.5,314,313.5,313,312,316,316.5,317,317.5,318
1684458066107442032,314.5,314,313.5,313,312,316,316.5,317,317.5,318
1684458069054226907,314.5,314,313.5,313,312,315.5,316,316.5,317,317.5
1684458069088590478,314.5,314,313.5,313,312,315.5,316,316.5,317,317.5
1684458069088765767,314,313.5,313,312,311,315.5,316,316.5,317,317.5
1684458069126502561,314,313.5,313,312,311,315.5,316,316.5,317,317.5
1684458069126609863,314,313.5,313,312,311,315.5,316,316.5,317,317.5
1684458069126717895,314,313.5,313,312,311,315.5,316,316.5,317,317.5
1684458069158385935,314,313.5,313,312,311,315.5,316,316.5,317,317.5
1684458070013923477,314.5,314,313.5,313,312,315.5,316,316.5,317,317.5
1684458070035798009,314.5,314,313.5,313,312,315.5,316,316.5,317,317.5
1684458070058346435,314.5,314,313.5,313,312,315.5,316,316.5,317,317.5
1684458070936172296,314.5,313.5,313,312,311,315.5,316,316.5,317,317.5
1684458070991260940,314.5,313.5,313,312,311,315.5,316,316.5,317,317.5
1684458073930886162,314.5,313.5,313,312,311,315.5,316,316.5,317,317.5
1684458074265000793,314.5,313.5,313,312,311,315,315.5,316,316.5,317
1684458074298558861,314.5,313.5,313,312,311,315,315.5,316,316.5,317
1684458074318675963,314.5,313.5,313,312,311,315,315.5,316,316.5,317
1684458074329279192,314.5,313.5,313,312.5,312,315,315.5,316,316.5,317
1684458074361712228,313.5,313,312.5,312,311,315,315.5,316,316.5,317
1684458074395254517,313.5,313,312.5,312,311,315,315.5,316,316.5,317
1684458074395254517,313.5,313,312.5,312,311,315,315.5,316,316.5,317
1684458074428261290,313.5,313,312.5,312,311,315,315.5,316,316.5,317
1684458075319736648,313.5,313,312.5,312,311,315,315.5,316,316.5,317
1684458077465630285,313.5,313,312.5,312,311,315,315.5,316,316.5,317
1684458078780183591,314,313.5,313,312.5,312,315,315.5,316,316.5,317
1684458078812371708,314,313.5,313,312.5,312,315,315.5,316,316.5,317
1684458078812455876,313.5,313,312.5,312,311,315,315.5,316,316.5,317
1684458078845673234,313.5,313,312.5,312,311,315,315.5,316,316.5,317
1684458078845708210,313.5,313,312.5,312,311,315,315.5,316,316.5,317
1684458078870216226,313.5,313,312.5,312,311,315,315.5,316,316.5,317
1684458080805680642,313.5,313,312.5,312,311,314.5,315,315.5,316,316.5
1684458080839354537,313.5,313,312,311,310.5,314.5,315,315.5,316,316.5
1684458080852312347,313.5,313,312,311,310.5,314,314.5,315,315.5,316
1684458080872991855,313.5,313,312,311,310.5,314,314.5,315,315.5,316
1684458080896061019,313.5,313,312,311,310.5,314,314.5,315,315.5,316
1684458080908997979,313.5,313,312,311.5,311,314,314.5,315,315.5,316
1684458082058071192,313.5,313,312,311.5,311,314,314.5,315,315.5,316
1684458088582248544,313.5,313,312,311.5,311,314,314.5,315,315.5,316
1684458088636554729,313.5,313,312,311.5,311,314,314.5,315,315.5,316
1684458089529436478,313.5,313,312,311.5,311,314,314.5,315,315.5,316
1684458090349515954,313.5,313,312,311.5,311,314,314.5,315,315.5,316
1684458091338615150,313.5,313,312,311.5,311,314,314.5,315,315.5,316
1684458092109650481,313.5,313,312,311.5,311,314,314.5,315,315.5,316
1684458093276253827,313.5,313,312,311.5,311,314,314.5,315,315.5,316
1684458094098912856,313.5,313,312,311.5,311,314,314.5,315,315.5,316
1684458095383618922,313.5,313,312,311.5,311,314,314.5,315,315.5,316
1684458096242590972,313.5,313,312,311.5,311,314,314.5,315,315.5,316
1684458096474182727,313.5,313,312,311.5,311,314,314.5,315,315.5,316
1684458097176490716,313.5,313,312,311.5,311,314,314.5,315,315.5,316
1684458098512671299,313.5,313,312,311.5,311,314,314.5,315,315.5,316
1684458099339291987,313.5,313,312,311.5,311,314,314.5,315,315.5,316
1684458099385381424,313.5,313,312,311.5,311,314,314.5,315,315.5,316
1684458099494878144,313.5,313,312,311.5,311,314,314.5,315,315.5,316
1684458099959932737,313.5,313,312,311.5,311,314,314.5,315,315.5,316
1684458100075264423,313.5,313,312,311.5,311,314,314.5,315,315.5,316
1684458100976593062,313.5,313,312,311.5,311,314,314.5,315,315.5,316
1684458102069468697,313,312,311.5,311,310.5,314,314.5,315,315.5,316
1684458102101375796,313,312,311.5,311,310.5,314,314.5,315,315.5,316
1684458102123671558,313,312,311.5,311,310.5,314,314.5,315,315.5,316
1684458102134297480,313,312,311.5,311,310.5,314,314.5,315,315.5,316
1684458102184898287,313.5,313,312,311.5,311,314,314.5,315,315.5,316
1684458102217616108,313.5,313,312,311.5,311,314,314.5,315,315.5,316
1684458102217762543,313,312,311.5,311,310.5,314,314.5,315,315.5,316
1684458102248676517,313,312,311.5,311,310.5,314,314.5,315,315.5,316
1684458102248676517,313,312,311.5,311,310.5,314,314.5,315,315.5,316
1684458102279131469,313,312,311.5,311,310.5,314,314.5,315,315.5,316
1684458102344624979,313,312,311.5,311,310.5,314,314.5,315,315.5,316
1684458102910763767,313,312,311.5,311,310.5,313.5,314,314.5,315,315.5
1684458102942768860,313,312,311.5,311,310.5,313.5,314,314.5,315,315.5
1684458102973348596,313,312,311.5,311,310.5,313.5,314,314.5,315,315.5
1684458103861141941,313,312,311.5,311,310.5,313.5,314,314.5,315,315.5
1684458104720098452,313,312,311.5,311,310.5,313.5,314,314.5,315,315.5
1684458104795184282,312,311.5,311,310.5,310,313.5,314,314.5,315,315.5
1684458104826238559,312,311.5,311,310.5,310,313.5,314,314.5,315,315.5
1684458104826292501,312,311.5,311,310.5,310,313.5,314,314.5,315,315.5
1684458104847485422,312,311.5,311,310.5,310,313.5,314,314.5,315,315.5
1684458104859677815,312,311.5,311,310.5,310,313.5,314,314.5,315,315.5
1684458105710857344,312,311.5,311,310.5,310,313.5,314,314.5,315,315.5
1684458105842193289,312,311.5,311,310.5,310,313.5,314,314.5,315,315.5
1684458105887769352,312,311.5,311,310.5,310,313.5,314,314.5,315,315.5
1684458108337115888,312,311.5,311,310.5,310,313.5,314,314.5,315,315.5
1684458109827399654,312,311.5,311,310.5,310,313.5,314,314.5,315,315.5
1684458110694544249,312,311.5,311,310.5,310,313.5,314,314.5,315,315.5
1684458111602794062,312,311.5,311,310.5,310,313,313.5,314,314.5,315
1684458111624138108,312,311.5,311,310.5,310,313,313.5,314,314.5,315
1684458111624138108,312,311.5,311,310.5,310,313,313.5,314,314.5,315
1684458111645573054,312,311.5,311,310.5,310,313,313.5,314,314.5,315
1684458112004255474,312,311.5,311,310.5,310,313,313.5,314,314.5,315
1684458112160352430,312,311.5,311,310.5,310,313,313.5,314,314.5,315
1684458112318956855,312,311.5,311,310.5,310,313,313.5,314,314.5,315
1684458112609354002,312,311.5,311,310.5,310,313,313.5,314,314.5,315
1684458112913729195,312,311.5,311,310.5,310,313,313.5,314,314.5,315
1684458117502216245,312,311.5,311,310.5,310,312.5,313,313.5,314,314.5
1684458117535072556,312,311.5,311,310.5,310,312.5,313,313.5,314,314.5
1684458117568635724,312,311.5,311,310.5,310,312.5,313,313.5,314,314.5
1684458117579676153,312,311.5,311,310.5,310,312.5,313,313.5,314,314.5
1684458118923436428,312,311.5,311,310.5,310,312.5,313,313.5,314,314.5
1684458119961139672,312,311.5,311,310.5,310,312.5,313,313.5,314,314.5
1684458121670389978,312,311.5,311,310.5,310,312.5,313,313.5,314,314.5
1684458121945426585,312,311.5,311,310.5,310,312.5,313,313.5,314,314.5
1684458122029392568,312,311.5,311,310.5,310,312.5,313,313.5,314,314.5
1684458122197230430,312,311.5,311,310.5,310,312.5,313,313.5,314,314.5
1684458123026057599,312,311.5,311,310.5,310,312.5,313,313.5,314,314.5
1684458123053656830,312,311.5,311,310.5,310,313,313.5,314,314.5,315
1684458123084700737,312,311.5,311,310.5,310,313,313.5,314,314.5,315
1684458123125893090,312,311.5,311,310.5,310,313,313.5,314,314.5,315
1684458123495801728,312,311.5,311,310.5,310,313,313.5,314,314.5,315
1684458124109044949,312,311.5,311,310.5,310,313,313.5,314,314.5,315
1684458124491127284,312,311.5,311,310.5,310,313,313.5,314,314.5,315
1684458125694147806,312,311.5,311,310.5,310,313,313.5,314,314.5,315
1684458126173494764,312,311.5,311,310.5,310,313,313.5,314,314.5,315
1684458126258506832,312,311.5,311,310.5,310,313,313.5,314,314.5,315
1684458128698742881,311.5,311,310.5,310,309.5,313,313.5,314,314.5,315
1684458128721203002,311.5,311,310.5,310,309.5,313,313.5,314,314.5,315
1684458128721283554,311.5,311,310.5,310,309.5,313,313.5,314,314.5,315
1684458128731563295,311.5,311,310.5,310,309.5,313,313.5,314,314.5,315
1684458128743836579,311.5,311,310.5,310,309.5,313,313.5,314,314.5,315
1684458128743836579,311.5,311,310.5,310,309.5,313,313.5,314,314.5,315
1684458129378120656,311.5,311,310.5,310,309.5,312.5,313,313.5,314,314.5
1684458129411547568,311.5,311,310.5,310,309.5,312.5,313,313.5,314,314.5
1684458129442886750,311.5,311,310.5,310,309.5,312.5,313,313.5,314,314.5
1684458129519403097,311,310.5,310,309.5,309,312.5,313,313.5,314,314.5
1684458129551897839,311,310.5,310,309.5,309,312.5,313,313.5,314,314.5
1684458129574400970,311,310.5,310,309.5,309,312.5,313,313.5,314,314.5
1684458129574509484,311,310.5,310,309.5,309,312.5,313,313.5,314,314.5
1684458129597376349,311.5,311,310.5,310,309.5,312.5,313,313.5,314,314.5
1684458129619540514,311.5,311,310.5,310,309.5,312.5,313,313.5,314,314.5
1684458129652878539,311.5,311,310.5,310,309.5,312.5,313,313.5,314,314.5
1684458129969484406,311.5,311,310.5,310,309.5,312.5,313,313.5,314,314.5
1684458130059019877,311.5,311,310.5,310,309.5,312.5,313,313.5,314,314.5
1684458130152161800,312.5,311.5,311,310.5,310,313,313.5,314,314.5,315
1684458130183865977,312.5,311.5,311,310.5,310,313,313.5,314,314.5,315
1684458130183865977,312.5,311.5,311,310.5,310,313,313.5,314,314.5,315
1684458130183971235,312.5,311.5,311,310.5,310,313,313.5,314,314.5,315
1684458130218125272,312.5,311.5,311,310.5,310,313,313.5,314,314.5,315
1684458130218329486,312.5,311.5,311,310.5,310,313,313.5,314,314.5,315
1684458130595242876,312.5,311.5,311,310.5,310,313,313.5,314,314.5,315
1684458130635183919,312.5,312,311.5,311,310.5,313,313.5,314,314.5,315
1684458131719858075,312.5,312,311.5,311,310.5,313,313.5,314,314.5,315
1684458132277525286,312.5,312,311.5,311,310.5,313,313.5,314,314.5,315
1684458133732254134,312.5,312,311.5,311,310.5,313,313.5,314,314.5,315
1684458134326861845,312.5,312,311.5,311,310.5,313,313.5,314,314.5,315
1684458135536102546,312.5,312,311.5,311,310.5,313,313.5,314,314.5,315
1684458136035049986,312.5,312,311.5,311,310.5,313,313.5,314,314.5,315
1684458136466110582,312,311.5,311,310.5,310,313,313.5,314,314.5,315
1684458136499755764,312,311.5,311,310.5,310,313,313.5,314,314.5,315
1684458136533502938,312,311.5,311,310.5,310,313,313.5,314,314.5,315
1684458136827329635,312,311.5,311,310.5,310,312.5,313,313.5,314,314.5
1684458136858213141,312,311.5,311,310.5,310,312.5,313,313.5,314,314.5
1684458136893965540,312,311.5,311,310.5,310,312.5,313,313.5,314,314.5
1684458137939085238,312,311.5,311,310.5,310,312.5,313,313.5,314,314.5
1684458137945760131,311.5,311,310.5,310,309.5,312.5,313,313.5,314,314.5
1684458137955665590,311.5,311,310.5,310,309.5,312.5,313,313.5,314,314.5
1684458137977766095,311.5,311,310.5,310,309.5,312.5,313,313.5,314,314.5
1684458137989519073,311.5,311,310.5,310,309.5,312.5,313,313.5,314,314.5
1684458138299912956,311.5,311,310.5,310,309.5,312.5,313,313.5,314,314.5
1684458139299642390,311.5,311,310.5,310,309.5,312.5,313,313.5,314,314.5
1684458139330961675,311.5,311,310.5,310,309.5,312.5,313,313.5,314,314.5
1684458139374135247,311.5,311,310.5,310,309.5,312,312.5,313,313.5,314
1684458139408986003,311.5,311,310.5,310,309.5,312,312.5,313,313.5,314
1684458139408986003,311.5,311,310.5,310,309.5,312.5,313,313.5,314,314.5
1684458139437518515,311.5,311,310.5,310,309.5,312.5,313,313.5,314,314.5
1684458139437544494,311.5,311,310.5,310,309.5,312.5,313,313.5,314,314.5
1684458139470087376,311.5,311,310.5,310,309.5,312.5,313,313.5,314,314.5
1684458139560724155,311.5,311,310.5,310,309.5,312.5,313,313.5,314,314.5
1684458139593072322,311,310.5,310,309.5,309,312.5,313,313.5,314,314.5
1684458139625984778,311,310.5,310,309.5,309,312.5,313,313.5,314,314.5
1684458139625984778,311.5,311,310.5,310,309.5,312.5,313,313.5,314,314.5
1684458139658088025,311.5,311,310.5,310,309.5,312.5,313,313.5,314,314.5
1684458139658194916,311.5,311,310.5,310,309.5,312.5,313,313.5,314,314.5
1684458139658194916,311.5,311,310.5,310,309.5,312.5,313,313.5,314,314.5
1684458139692433141,311.5,311,310.5,310,309.5,312.5,313,313.5,314,314.5
1684458139692544340,311.5,311,310.5,310,309.5,312.5,313,313.5,314,314.5
1684458140483468052,311.5,311,310.5,310,309.5,312.5,313,313.5,314,314.5
1684458140984319407,311.5,311,310.5,310,309.5,312.5,313,313.5,314,314.5
1684458141574803205,311.5,311,310.5,310,309.5,312.5,313,313.5,314,314.5
1684458141849123506,311.5,311,310.5,310,309.5,312.5,313,313.5,314,314.5
1684458141871539214,311.5,311,310.5,310,309.5,312.5,313,313.5,314,314.5
1684458141892182183,311,310.5,310,309.5,309,312.5,313,313.5,314,314.5
1684458141912602243,311,310.5,310,309.5,309,312.5,313,313.5,314,314.5
1684458141935543888,311,310.5,310,309.5,309,312.5,313,313.5,314,314.5
1684458142352979502,311,310.5,310,309.5,309,312,312.5,313,313.5,314
1684458142388108300,311,310.5,310,309.5,309,312,312.5,313,313.5,314
1684458142388108300,311,310.5,310,309.5,309,312.5,313,313.5,314,314.5
1684458142431837976,311.5,311,310.5,310,309.5,312.5,313,313.5,314,314.5
1684458142432125847,311.5,311,310.5,310,309.5,312.5,313,313.5,314,314.5
1684458142432125847,311.5,311,310.5,310,309.5,312.5,313,313.5,314,314.5
1684458142466998253,311.5,311,310.5,310,309.5,312.5,313,313.5,314,314.5
1684458142466998253,311.5,311,310.5,310,309.5,312.5,313,313.5,314,314.5
1684458142466998253,311.5,311,310.5,310,309.5,312.5,313,313.5,314,314.5
1684458142500381423,311.5,311,310.5,310,309.5,312.5,313,313.5,314,314.5
1684458142500381423,311.5,311,310.5,310,309.5,312.5,313,313.5,314,314.5
1684458143183167798,311.5,311,310.5,310,309.5,312.5,313,313.5,314,314.5
1684458143295647038,311.5,311,310.5,310,309.5,312.5,313,313.5,314,314.5
1684458143326527689,312,311.5,311,310.5,310,312.5,313,313.5,314,314.5
1684458143326637345,312,311.5,311,310.5,310,313,313.5,314,314.5,315
1684458143348251588,312,311.5,311,310.5,310,313,313.5,314,314.5,315
1684458143348251588,312,311.5,311,310.5,310,313,313.5,314,314.5,315
1684458143348251588,312,311.5,311,310.5,310,313,313.5,314,314.5,315
1684458143360532205,312,311.5,311,310.5,310,313,313.5,314,314.5,315
1684458143371795473,312,311.5,311,310.5,310,313,313.5,314,314.5,315
1684458143383470394,312,311.5,311,310.5,310,313,313.5,314,314.5,315
1684458143383470394,312,311.5,311,310.5,310,313,313.5,314,314.5,315
1684458143415920182,312,311.5,311,310.5,310,313,313.5,314,314.5,315
1684458143450954331,311.5,311,310.5,310,309.5,313,313.5,314,314.5,315
1684458143482320254,311.5,311,310.5,310,309.5,313,313.5,314,314.5,315
1684458143513281226,311.5,311,310.5,310,309.5,313,313.5,314,314.5,315
1684458143748664159,311.5,311,310.5,310,309.5,313,313.5,314,314.5,315
1684458143857404719,311.5,311,310.5,310,309.5,312,313,313.5,314,314.5
1684458143880003351,312,311.5,311,310.5,310,313,313.5,314,314.5,315
1684458143880110522,312,311.5,311,310.5,310,313,313.5,314,314.5,315
1684458143880110522,312,311.5,311,310.5,310,313,313.5,314,314.5,315
1684458143898114185,312,311.5,311,310.5,310,313,313.5,314,314.5,315
1684458143898114185,312,311.5,311,310.5,310,313,313.5,314,314.5,315
1684458143918600961,312,311.5,311,310.5,310,313,313.5,314,314.5,315
1684458145076224185,312,311.5,311,310.5,310,313,313.5,314,314.5,315
1684458145241496009,311.5,311,310.5,310,309.5,313,313.5,314,314.5,315
1684458145264546839,311.5,311,310.5,310,309.5,313,313.5,314,314.5,315
1684458145297105290,311.5,311,310.5,310,309.5,313,313.5,314,314.5,315
1684458145585981161,311.5,311,310.5,310,309.5,313,313.5,314,314.5,315
1684458147599429676,311.5,311,310.5,310,309.5,313,313.5,314,314.5,315
1684458149110537190,311.5,311,310.5,310,309.5,313,313.5,314,314.5,315
1684458149133312533,311.5,311,310.5,310,309.5,312.5,313,313.5,314,314.5
1684458149166242672,311.5,311,310.5,310,309.5,312.5,313,313.5,314,314.5
1684458149166274071,311.5,311,310.5,310,309.5,313,313.5,314,314.5,315
1684458149208509953,311.5,311,310.5,310,309.5,313,313.5,314,314.5,315
1684458149208509953,311.5,311,310.5,310,309.5,313,313.5,314,314.5,315
1684458149208509953,311.5,311,310.5,310,309.5,313,313.5,314,314.5,315
1684458149240465252,311.5,311,310.5,310,309.5,313,313.5,314,314.5,315
1684458149614891682,311.5,311,310.5,310,309.5,313,313.5,314,314.5,315
1684458150456974931,311.5,311,310.5,310,309.5,313,313.5,314,314.5,315
1684458151096154269,311.5,311,310.5,310,309.5,313,313.5,314,314.5,315
1684458151826821384,311.5,311,310.5,310,309.5,313,313.5,314,314.5,315
1684458153282241058,311.5,311,310.5,310,309.5,313,313.5,314,314.5,315
1684458153825436007,311.5,311,310.5,310,309.5,313,313.5,314,314.5,315
1684458153868936884,311.5,311,310.5,310,309.5,312,313,313.5,314,314.5
1684458153902965395,311.5,311,310.5,310,309.5,312,313,313.5,314,314.5
1684458153902965395,311.5,311,310.5,310,309.5,313,313.5,314,314.5,315
1684458153903071114,312,311.5,311,310.5,310,313,313.5,314,314.5,315
1684458153903071114,312,311.5,311,310.5,310,313,313.5,314,314.5,315
1684458153936613102,312,311.5,311,310.5,310,313,313.5,314,314.5,315
1684458153957467137,312,311.5,311,310.5,310,313,313.5,314,314.5,315
1684458153957467137,312,311.5,311,310.5,310,313,313.5,314,314.5,315
1684458155432136835,311.5,311,310.5,310,309.5,313,313.5,314,314.5,315
1684458155463467191,311.5,311,310.5,310,309.5,313,313.5,314,314.5,315
1684458155486093414,311.5,311,310.5,310,309.5,313,313.5,314,314.5,315
1684458155658729093,311.5,311,310.5,310,309.5,313,313.5,314,314.5,315
1684458155850246925,311.5,311,310.5,310,309.5,312.5,313,313.5,314,314.5
1684458155885811000,311.5,311,310.5,310,309.5,312.5,313,313.5,314,314.5
1684458155885811000,311.5,311,310.5,310,309.5,313,313.5,314,314.5,315
1684458155929045086,311.5,311,310.5,310,309.5,313,313.5,314,314.5,315
1684458155929045086,311.5,311,310.5,310,309.5,312.5,313,313.5,314,314.5
1684458155929045086,311.5,311,310.5,310,309.5,312.5,313,313.5,314,314.5
1684458155963502954,311.5,311,310.5,310,309.5,313,313.5,314,314.5,315
1684458155963502954,311.5,311,310.5,310,309.5,313,313.5,314,314.5,315
1684458155963559180,311.5,311,310.5,310,309.5,313,313.5,314,314.5,315
1684458155987164491,311.5,311,310.5,310,309.5,313,313.5,314,314.5,315
1684458157281282567,311.5,311,310.5,310,309.5,313,313.5,314,314.5,315
1684458157833039321,311.5,311,310.5,310,309.5,313,313.5,314,314.5,315
1684458158447332282,311.5,311,310.5,310,309.5,313,313.5,314,314.5,315
1684458158602981448,311.5,311,310.5,310,309.5,313,313.5,314,314.5,315
1684458159038157411,311.5,311,310.5,310,309.5,313,313.5,314,314.5,315
1684458159649424391,311.5,311,310.5,310,309.5,313,313.5,314,314.5,315
1684458160052977428,312,311.5,311,310.5,310,313,313.5,314,314.5,315
1684458160088759873,312,311.5,311,310.5,310,313,313.5,314,314.5,315
1684458160133704531,312,311.5,311,310.5,310,313,313.5,314,314.5,315
1684458160444443803,312,311.5,311,310.5,310,313,313.5,314,314.5,315
1684458160510637367,312,311.5,311,310.5,310,313,313.5,314,314.5,315
1684458161347564825,312,311.5,311,310.5,310,313,313.5,314,314.5,315
1684458161570137386,311.5,311,310.5,310,309.5,313,313.5,314,314.5,315
1684458161612823653,311.5,311,310.5,310,309.5,313,313.5,314,314.5,315
1684458161612877985,311.5,311,310.5,310,309.5,313,313.5,314,314.5,315
1684458161647415442,311.5,311,310.5,310,309.5,313,313.5,314,314.5,315
1684458161647522954,311.5,311,310.5,310,309.5,313,313.5,314,314.5,315
1684458161647634383,311.5,311,310.5,310,309.5,313,313.5,314,314.5,315
1684458161694767500,311.5,311,310.5,310,309.5,313,313.5,314,314.5,315
1684458162063421342,311.5,311,310.5,310,309.5,313,313.5,314,314.5,315
1684458162098002260,311.5,311,310.5,310,309.5,313,313.5,314,314.5,315
1684458162882145692,311.5,311,310.5,310,309.5,313,313.5,314,314.5,315
1684458163660413732,311.5,311,310.5,310,309.5,312.5,313,313.5,314,314.5
1684458163693907078,311.5,311,310.5,310,309.5,312.5,313,313.5,314,314.5
1684458163694223663,311.5,311,310.5,310,309.5,312.5,313,313.5,314,314.5
1684458163694223663,311.5,311,310.5,310,309.5,313,313.5,314,314.5,315
1684458163694223663,311.5,311,310.5,310,309.5,313,313.5,314,314.5,315
1684458163731803603,311.5,311,310.5,310,309.5,313,313.5,314,314.5,315
1684458163731803603,311.5,311,310.5,310,309.5,313,313.5,314,314.5,315
1684458163738298598,311.5,311,310.5,310,309.5,313,313.5,314,314.5,315
1684458163773494160,311.5,311,310.5,310,309.5,313,313.5,314,314.5,315
1684458163773604808,312,311.5,311,310.5,310,313,313.5,314,314.5,315
1684458163808930726,312,311.5,311,310.5,310,313,313.5,314,314.5,315
1684458163840919989,312,311.5,311,310.5,310,313,313.5,314,314.5,315
1684458164262496117,312,311.5,311,310.5,310,312.5,313,313.5,314,314.5
1684458164285687020,312,311.5,311,310.5,310,312.5,313,313.5,314,314.5
1684458164285687020,312,311.5,311,310.5,310,313,313.5,314,314.5,315
1684458164317757285,312,311.5,311,310.5,310,313,313.5,314,314.5,315
1684458164317757285,312,311.5,311,310.5,310,313,313.5,314,314.5,315
1684458164350685110,312,311.5,311,310.5,310,313,313.5,314,314.5,315
1684458164350685110,312,311.5,311,310.5,310,313,313.5,314,314.5,315
1684458164404623193,311.5,311,310.5,310,309.5,312,313,313.5,314,314.5
1684458164429144494,311.5,311,310.5,310,309.5,312,313,313.5,314,314.5
1684458164429144494,311.5,311,310.5,310,309.5,312,313,313.5,314,314.5
1684458164429144494,311.5,311,310.5,310,309.5,313,313.5,314,314.5,315
1684458164429287593,311.5,311,310.5,310,309.5,313,313.5,314,314.5,315
1684458164448462255,311.5,311,310.5,310,309.5,313,313.5,314,314.5,315
1684458164460287127,311.5,311,310.5,310,309.5,313,313.5,314,314.5,315
1684458164460287127,312,311.5,311,310.5,310,313,313.5,314,314.5,315
1684458164460287127,312,311.5,311,310.5,310,313,313.5,314,314.5,315
1684458164460400590,312,311.5,311,310.5,310,313,313.5,314,314.5,315
1684458164470854228,311.5,311,310.5,310,309.5,313,313.5,314,314.5,315
1684458164470854228,311.5,311,310.5,310,309.5,313,313.5,314,314.5,315
1684458164493897744,311.5,311,310.5,310,309.5,313,313.5,314,314.5,315
1684458164504195970,311.5,311,310.5,310,309.5,313,313.5,314,314.5,315
1684458164560217947,311.5,311,310.5,310,309.5,313,313.5,314,314.5,315
1684458164907143812,311.5,311,310.5,310,309.5,313,313.5,314,314.5,315
1684458164941586171,311.5,311,310.5,310,309.5,313,313.5,314,314.5,315
1684458164975239398,312,311.5,311,310.5,310,313,313.5,314,314.5,315
1684458165010222441,312,311.5,311,310.5,310,313,313.5,314,314.5,315
1684458165010346865,312,311.5,311,310.5,310,313,313.5,314,314.5,315
1684458165043232200,312,311.5,311,310.5,310,313,313.5,314,314.5,315
1684458165078286157,311.5,311,310.5,310,309.5,313,313.5,314,314.5,315
1684458165113276034,311.5,311,310.5,310,309.5,313,313.5,314,314.5,315
1684458165144475885,311.5,311,310.5,310,309.5,313,313.5,314,314.5,315
1684458165144475885,311.5,311,310.5,310,309.5,313,313.5,314,314.5,315
1684458165674016255,311.5,311,310.5,310,309.5,313,313.5,314,314.5,315
1684458165720711420,311.5,311,310.5,310,309.5,313,313.5,314,314.5,315
1684458165751912603,311.5,311,310.5,310,309.5,313,313.5,314,314.5,315
1684458166588011575,311.5,311,310.5,310,309.5,313,313.5,314,314.5,315
1684458166620544799,311.5,311,310.5,310,309.5,312,313,313.5,314,314.5
1684458166653913071,311.5,311,310.5,310,309.5,312,313,313.5,314,314.5
1684458166653982221,311.5,311,310.5,310,309.5,313,313.5,314,314.5,315
1684458166688469043,311.5,311,310.5,310,309.5,313,313.5,314,314.5,315
1684458166688469043,311.5,311,310.5,310,309.5,313,313.5,314,314.5,315
1684458166721313302,311.5,311,310.5,310,309.5,313,313.5,314,314.5,315
1684458167246553037,311.5,311,310.5,310,309.5,313,313.5,314,314.5,315
1684458167480448457,311.5,311,310.5,310,309.5,313,313.5,314,314.5,315
1684458167568261234,311.5,311,310.5,310,309.5,312.5,313,313.5,314,314.5
1684458167601757717,311.5,311,310.5,310,309.5,312.5,313,313.5,314,314.5
1684458167601757717,311.5,311,310.5,310,309.5,313,313.5,314,314.5,315
1684458167635286951,311.5,311,310.5,310,309.5,313,313.5,314,314.5,315
1684458167635321366,311.5,311,310.5,310,309.5,313,313.5,314,314.5,315
1684458167669514106,311.5,311,310.5,310,309.5,313,313.5,314,314.5,315
1684458167824096999,311.5,311,310.5,310,309.5,313,313.5,314,314.5,315
1684458168552104300,311.5,311,310.5,310,309.5,312.5,313,313.5,314,314.5
1684458168587145142,311.5,311,310.5,310,309.5,312.5,313,313.5,314,314.5
1684458168620789502,311.5,311,310.5,310,309.5,312.5,313,313.5,314,314.5
1684458168909583189,311.5,311,310.5,310,309.5,312,312.5,313,313.5,314
1684458168943152739,311.5,311,310.5,310,309.5,312,312.5,313,313.5,314
1684458168943152739,311.5,311,310.5,310,309.5,312.5,313,313.5,314,314.5
1684458168975557091,311.5,311,310.5,310,309.5,312.5,313,313.5,314,314.5
1684458168975557091,311.5,311,310.5,310,309.5,312.5,313,313.5,314,314.5
1684458169007534401,311.5,311,310.5,310,309.5,312.5,313,313.5,314,314.5
1684458169489423042,311.5,311,310.5,310,309.5,312.5,313,313.5,314,314.5
1684458169654034685,311.5,311,310.5,310,309.5,312,312.5,313,313.5,314
1684458169688092692,311.5,311,310.5,310,309.5,312,312.5,313,313.5,314
1684458169688092692,311.5,311,310.5,310,309.5,312.5,313,313.5,314,314.5
1684458169722239496,311.5,311,310.5,310,309.5,312.5,313,313.5,314,314.5
1684458169723448957,311.5,311,310.5,310,309.5,312.5,313,313.5,314,314.5
1684458169755729546,311.5,311,310.5,310,309.5,312.5,313,313.5,314,314.5
1684458171680509177,311.5,311,310.5,310,309.5,312.5,313,313.5,314,314.5
1684458171713299995,311.5,311,310.5,310,309.5,312.5,313,313.5,314,314.5
1684458173265259841,311.5,311,310.5,310,309.5,312.5,313,313.5,314,314.5
1684458173282123114,311.5,311,310.5,310,309.5,312.5,313,313.5,314,314.5
1684458173294527744,311.5,311,310.5,310,309.5,312.5,313,313.5,314,314.5
1684458173698260760,311.5,311,310.5,310,309.5,312.5,313,313.5,314,314.5
1684458174315322009,311.5,311,310.5,310,309.5,312.5,313,313.5,314,314.5
1684458175478590122,311.5,311,310.5,310,309.5,312.5,313,313.5,314,314.5
1684458176269535544,311.5,311,310.5,310,309.5,312.5,313,313.5,314,314.5
1684458176498633166,311.5,311,310.5,310,309.5,312.5,313,313.5,314,314.5
1684458176561966270,312,311.5,311,310.5,310,312.5,313,313.5,314,314.5
1684458176596115849,312,311.5,311,310.5,310,312.5,313,313.5,314,314.5
1684458176596261713,312,311.5,311,310.5,310,313,313.5,314,314.5,315
1684458176628504261,312,311.5,311,310.5,310,313,313.5,314,314.5,315
1684458176628504261,312,311.5,311,310.5,310,313,313.5,314,314.5,315
1684458176651600166,312,311.5,311,310.5,310,313,313.5,314,314.5,315
1684458177305293986,311.5,311,310.5,310,309.5,313,313.5,314,314.5,315
1684458177339505801,311.5,311,310.5,310,309.5,313,313.5,314,314.5,315
1684458177339505801,311.5,311,310.5,310,309.5,313,313.5,314,314.5,315
1684458177339559432,311.5,311,310.5,310,309.5,313,313.5,314,314.5,315
1684458177361908645,311.5,311,310.5,310,309.5,313,313.5,314,314.5,315
1684458177671046750,311.5,311,310.5,310,309.5,312,313,313.5,314,314.5
1684458177683180783,311.5,311,310.5,310,309.5,312,313,313.5,314,314.5
1684458177705964070,311.5,311,310.5,310,309.5,312,313,313.5,314,314.5
1684458177706075309,311.5,311,310.5,310,309.5,313,313.5,314,314.5,315
1684458177706101158,311.5,311,310.5,310,309.5,313,313.5,314,314.5,315
1684458177716021594,311.5,311,310.5,310,309.5,313,313.5,314,314.5,315
1684458177738965073,311.5,311,310.5,310,309.5,313,313.5,314,314.5,315
1684458177739037609,311.5,311,310.5,310,309.5,313,313.5,314,314.5,315
1684458177751412814,311.5,311,310.5,310,309.5,313,313.5,314,314.5,315
1684458177761072722,311.5,311,310.5,310,309.5,313,313.5,314,314.5,315
1684458178402416463,311.5,311,310.5,310,309.5,313,313.5,314,314.5,315
1684458178446191806,311.5,311,310.5,310,309.5,313,313.5,314,314.5,315
1684458178479009274,311.5,311,310.5,310,309.5,313,313.5,314,314.5,315
1684458178997019395,311.5,311,310.5,310,309.5,313,313.5,314,314.5,315
1684458178997019395,311.5,311,310.5,310,309.5,313,313.5,314,314.5,315
1684458179300275306,311.5,311,310.5,310,309.5,312,313,313.5,314,314.5
1684458179332951368,311.5,311,310.5,310,309.5,312,313,313.5,314,314.5
1684458179332951368,311.5,311,310.5,310,309.5,313,313.5,314,314.5,315
1684458179332951368,311.5,311,310.5,310,309.5,313,313.5,314,314.5,315
1684458179332951368,312,311.5,311,310.5,310,313,313.5,314,314.5,315
1684458179363701815,312,311.5,311,310.5,310,313,313.5,314,314.5,315
1684458179386228110,312,311.5,311,310.5,310,313,313.5,314,314.5,315
1684458179386228110,312,311.5,311,310.5,310,313,313.5,314,314.5,315
1684458179519451729,311.5,311,310.5,310,309.5,313,313.5,314,314.5,315
1684458179552102785,311.5,311,310.5,310,309.5,313,313.5,314,314.5,315
1684458179575568614,311.5,311,310.5,310,309.5,313,313.5,314,314.5,315
1684458179598445578,311.5,311,310.5,310,309.5,313,313.5,314,314.5,315
1684458179630160495,311.5,311,310.5,310,309.5,313,313.5,314,314.5,315
1684458180003724045,311.5,311,310.5,310,309.5,313,313.5,314,314.5,315
1684458180167579849,311.5,311,310.5,310,309.5,312,313,313.5,314,314.5
1684458180200416313,311.5,311,310.5,310,309.5,312,313,313.5,314,314.5
1684458180200524927,311.5,311,310.5,310,309.5,313,313.5,314,314.5,315
1684458180223834813,311.5,311,310.5,310,309.5,312,313,313.5,314,314.5
1684458180233251804,311.5,311,310.5,310,309.5,312,313,313.5,314,314.5
1684458180233251804,311.5,311,310.5,310,309.5,312,313,313.5,314,314.5
1684458180251413795,311.5,311,310.5,310,309.5,312,313,313.5,314,314.5
1684458180251438371,311.5,311,310.5,310,309.5,313,313.5,314,314.5,315
1684458180283035849,311.5,311,310.5,310,309.5,313,313.5,314,314.5,315
1684458180283035849,311.5,311,310.5,310,309.5,313,313.5,314,314.5,315
1684458180315746556,311.5,311,310.5,310,309.5,313,313.5,314,314.5,315
1684458180735853756,311.5,311,310.5,310,309.5,313,313.5,314,314.5,315
1684458181159613173,311.5,311,310.5,310,309.5,313,313.5,314,314.5,315
1684458181924835558,311.5,311,310.5,310,309.5,313,313.5,314,314.5,315
1684458181954473746,311.5,311,310.5,310,309.5,313,313.5,314,314.5,315
1684458182000068885,311.5,311,310.5,310,309.5,313,313.5,314,314.5,315
1684458182103139209,311.5,311,310.5,310,309.5,313,313.5,314,314.5,315
1684458182452056984,311.5,311,310.5,310,309.5,313,313.5,314,314.5,315
1684458182615059947,311.5,311,310.5,310,309.5,313,313.5,314,314.5,315
1684458183036290716,311.5,311,310.5,310,309.5,313,313.5,314,314.5,315
1684458183746842132,311.5,311,310.5,310,309.5,313,313.5,314,314.5,315
1684458184238969065,312,311.5,311,310.5,310,313,313.5,314,314.5,315
1684458184273957950,312,311.5,311,310.5,310,313,313.5,314,314.5,315
1684458184307185988,312,311.5,311,310.5,310,313,313.5,314,314.5,315
1684458184766984442,312,311.5,311,310.5,310,313,313.5,314,314.5,315
1684458184789107490,312,311.5,311,310.5,310,313,313.5,314,314.5,315
1684458185062108384,312,311.5,311,310.5,310,313,313.5,314,314.5,315
1684458185151596436,312,311.5,311,310.5,310,313,313.5,314,314.5,315
1684458185274923424,312,311.5,311,310.5,310,313,313.5,314,314.5,315
1684458185508760314,312,311.5,311,310.5,310,313,313.5,314,314.5,315
1684458185738785557,312,311.5,311,310.5,310,313,313.5,314,314.5,315
1684458186906719801,312,311.5,311,310.5,310,313,313.5,314,314.5,315
1684458187509231462,312,311.5,311,310.5,310,313,313.5,314,314.5,315
1684458187542874740,311.5,311,310.5,310,309.5,313,313.5,314,314.5,315
1684458187576724626,311.5,311,310.5,310,309.5,313,313.5,314,314.5,315
1684458187609028019,311.5,311,310.5,310,309.5,313,313.5,314,314.5,315
1684458188647998280,311.5,311,310.5,310,309.5,313,313.5,314,314.5,315
1684458188736440949,311.5,311,310.5,310,309.5,313,313.5,314,314.5,315
1684458188888115993,311.5,311,310.5,310,309.5,313,313.5,314,314.5,315
1684458188929269553,311.5,311,310.5,310,309.5,313,313.5,314,314.5,315
1684458189218140294,311.5,311,310.5,310,309.5,313,313.5,314,314.5,315
1684458189749840029,311.5,311,310.5,310,309.5,313,313.5,314,314.5,315
1684458191021114423,311.5,311,310.5,310,309.5,312,313,313.5,314,314.5
1684458191053706818,311.5,311,310.5,310,309.5,312,313,313.5,314,314.5
1684458191053706818,311.5,311,310.5,310,309.5,313,313.5,314,314.5,315
1684458191087707918,311.5,311,310.5,310,309.5,313,313.5,314,314.5,315
1684458191087816041,311.5,311,310.5,310,309.5,313,313.5,314,314.5,315
1684458191109665766,311.5,311,310.5,310,309.5,313,313.5,314,314.5,315
1684458191326512115,311.5,311,310.5,310,309.5,313,313.5,314,314.5,315
1684458191590560129,311.5,311,310.5,310,309.5,312.5,313,313.5,314,314.5
1684458191613857061,311.5,311,310.5,310,309.5,312.5,313,313.5,314,314.5
1684458191636427800,311.5,311,310.5,310,309.5,312.5,313,313.5,314,314.5
1684458191771233760,311.5,311,310.5,310,309.5,312.5,313,313.5,314,314.5
1684458191804265460,311.5,311,310.5,310,309.5,312.5,313,313.5,314,314.5
1684458192234352267,312,311.5,311,310.5,310,312.5,313,313.5,314,314.5
1684458192269306727,312,311.5,311,310.5,310,312.5,313,313.5,314,314.5
1684458192279258834,312,311.5,311,310.5,310,312.5,313,313.5,314,314.5
1684458192302304774,312,311.5,311,310.5,310,312.5,313,313.5,314,314.5
1684458192302304774,312,311.5,311,310.5,310,312.5,313,313.5,314,314.5
1684458193250902313,311.5,311,310.5,310,309.5,312.5,313,313.5,314,314.5
1684458193270758925,311.5,311,310.5,310,309.5,312.5,313,313.5,314,314.5
1684458193281480676,311.5,311,310.5,310,309.5,312.5,313,313.5,314,314.5
1684458193304808607,311.5,311,310.5,310,309.5,312.5,313,313.5,314,314.5
1684458193566959429,311.5,311,310.5,310,309.5,312.5,313,313.5,314,314.5
1684458194075576764,311.5,311,310.5,310,309.5,312.5,313,313.5,314,314.5
1684458195805131211,311.5,311,310.5,310,309.5,312.5,313,313.5,314,314.5
1684458196176965794,311.5,311,310.5,310,309.5,312.5,313,313.5,314,314.5
1684458197799048161,311.5,311,310.5,310,309.5,312.5,313,313.5,314,314.5
1684458198390722113,311.5,311,310.5,310,309.5,312.5,313,313.5,314,314.5
1684458198778228642,311.5,311,310.5,310,309.5,312.5,313,313.5,314,314.5
1684458199589124834,311,310.5,310,309.5,309,312.5,313,313.5,314,314.5
1684458199619693198,311,310.5,310,309.5,309,312.5,313,313.5,314,314.5
1684458199652407212,311,310.5,310,309.5,309,312.5,313,313.5,314,314.5
1684458201798849483,311,310.5,310,309.5,309,312.5,313,313.5,314,314.5
1684458202910589205,311,310.5,310,309.5,309,312.5,313,313.5,314,314.5
1684458203402033577,311,310.5,310,309.5,309,312.5,313,313.5,314,314.5
1684458204727388181,311,310.5,310,309.5,309,312.5,313,313.5,314,314.5
1684458204770174446,311,310.5,310,309.5,309,312.5,313,313.5,314,314.5
1684458205356469619,311,310.5,310,309.5,309,312,312.5,313,313.5,314
1684458205392708200,311,310.5,310,309.5,309,312,312.5,313,313.5,314
1684458205392708200,311,310.5,310,309.5,309,312,312.5,313,313.5,314
1684458205392708200,311,310.5,310,309.5,309,312,312.5,313,313.5,314
1684458205423894926,311,310.5,310,309.5,309,312.5,313,313.5,314,314.5
1684458205423894926,311,310.5,310,309.5,309,312.5,313,313.5,314,314.5
1684458205455420398,311,310.5,310,309.5,309,312.5,313,313.5,314,314.5
1684458205455420398,311,310.5,310,309.5,309,312.5,313,313.5,314,314.5
1684458205488851868,311,310.5,310,309.5,309,312.5,313,313.5,314,314.5
1684458205607380386,311,310.5,310,309.5,309,312.5,313,313.5,314,314.5
1684458206054413652,311.5,311,310.5,310,309.5,312.5,313,313.5,314,314.5
1684458206079787203,311.5,311,310.5,310,309.5,312.5,313,313.5,314,314.5
1684458206113068532,311.5,311,310.5,310,309.5,312.5,313,313.5,314,314.5
1684458206133592648,311.5,311,310.5,310,309.5,312.5,313,313.5,314,314.5
1684458206480714681,311.5,311,310.5,310,309.5,312.5,313,313.5,314,314.5
1684458206752375188,311.5,311,310.5,310,309.5,312.5,313,313.5,314,314.5
1684458206801983943,311.5,311,310.5,310,309.5,312.5,313,313.5,314,314.5
1684458207527786734,311.5,311,310.5,310,309.5,312,312.5,313,313.5,314
1684458207548380501,311.5,311,310.5,310,309.5,312,312.5,313,313.5,314
1684458207548380501,311.5,311,310.5,310,309.5,312.5,313,313.5,314,314.5
1684458207569389868,311.5,311,310.5,310,309.5,312.5,313,313.5,314,314.5
1684458207569538106,311.5,311,310.5,310,309.5,312.5,313,313.5,314,314.5
1684458207593007702,311.5,311,310.5,310,309.5,312.5,313,313.5,314,314.5
1684458208246477692,311.5,311,310.5,310,309.5,312.5,313,313.5,314,314.5
1684458209248471596,311.5,311,310.5,310,309.5,312.5,313,313.5,314,314.5
1684458209381708481,311.5,311,310.5,310,309.5,312,312.5,313,313.5,314
1684458209416050882,311.5,311,310.5,310,309.5,312,312.5,313,313.5,314
1684458209446229855,311.5,311,310.5,310,309.5,312,312.5,313,313.5,314
1684458209828562049,311.5,311,310.5,310,309.5,312,312.5,313,313.5,314
1684458209857223994,311.5,311,310.5,310,309.5,312.5,313,313.5,314,314.5
1684458209888542969,311.5,311,310.5,310,309.5,312.5,313,313.5,314,314.5
1684458209919028638,311.5,311,310.5,310,309.5,312.5,313,313.5,314,314.5
1684458210853103418,311.5,311,310.5,310,309.5,312.5,313,313.5,314,314.5
1684458211554075567,311.5,311,310.5,310,309.5,312.5,313,313.5,314,314.5
1684458211619435036,311.5,311,310.5,310,309.5,312.5,313,313.5,314,314.5
1684458213571785641,311.5,311,310.5,310,309.5,312.5,313,313.5,314,314.5
1684458213627126419,311.5,311,310.5,310,309.5,312.5,313,313.5,314,314.5
1684458215443672249,311.5,311,310.5,310,309.5,312.5,313,313.5,314,314.5
1684458217640078581,311.5,311,310.5,310,309.5,312.5,313,313.5,314,314.5
1684458219452766297,311,310.5,310,309.5,309,312.5,313,313.5,314,314.5
1684458219497296747,311,310.5,310,309.5,309,312.5,313,313.5,314,314.5
1684458219506943048,311,310.5,310,309.5,309,312.5,313,313.5,314,314.5
1684458219529634043,311,310.5,310,309.5,309,312.5,313,313.5,314,314.5
1684458219920706757,311,310.5,310,309.5,309,312,312.5,313,313.5,314
1684458219954311483,311,310.5,310,309.5,309,312,312.5,313,313.5,314
1684458219954311483,311,310.5,310,309.5,309,312,312.5,313,313.5,314
1684458219954311483,311,310.5,310,309.5,309,312,312.5,313,313.5,314
1684458219954418795,311,310.5,310,309.5,309,312,312.5,313,313.5,314
1684458219987492654,311,310.5,310,309.5,309,312,312.5,313,313.5,314
1684458219987492654,311,310.5,310,309.5,309,312.5,313,313.5,314,314.5
1684458220021208699,311,310.5,310,309.5,309,312.5,313,313.5,314,314.5
1684458220052186202,311,310.5,310,309.5,309,312.5,313,313.5,314,314.5
1684458220268741374,311,310.5,310,309.5,309,311.5,312.5,313,313.5,314
1684458220299981700,311,310.5,310,309.5,309,311.5,312.5,313,313.5,314
1684458220311807584,311,310.5,310,309.5,309,311.5,312.5,313,313.5,314
1684458220334398190,311,310.5,310,309.5,309,311.5,312.5,313,313.5,314
1684458221279065138,311,310.5,310,309.5,309,311.5,312.5,313,313.5,314
1684458221846607100,311,310.5,310,309.5,309,311.5,312.5,313,313.5,314
1684458221870132531,311,310.5,310,309.5,309,312.5,313,313.5,314,314.5
1684458221900085621,311,310.5,310,309.5,309,312.5,313,313.5,314,314.5
1684458221922818654,311,310.5,310,309.5,309,312.5,313,313.5,314,314.5
1684458223346058165,311.5,311,310.5,310,309.5,312.5,313,313.5,314,314.5
1684458223378721283,311.5,311,310.5,310,309.5,312.5,313,313.5,314,314.5
1684458223378721283,311.5,311,310.5,310,309.5,312.5,313,313.5,314,314.5
1684458223378721283,311.5,311,310.5,310,309.5,312.5,313,313.5,314,314.5
1684458223409405626,311.5,311,310.5,310,309.5,312.5,313,313.5,314,314.5
1684458223833557139,311,310.5,310,309.5,309,312.5,313,313.5,314,314.5
1684458223864073997,311,310.5,310,309.5,309,312.5,313,313.5,314,314.5
1684458223898840214,311,310.5,310,309.5,309,312.5,313,313.5,314,314.5
1684458225673859032,311,310.5,310,309.5,309,312.5,313,313.5,314,314.5
1684458227517719918,311,310.5,310,309.5,309,312.5,313,313.5,314,314.5
1684458229818599999,311,310.5,310,309.5,309,312.5,313,313.5,314,314.5
1684458230021359408,311,310.5,310,309.5,309,312.5,313,313.5,314,314.5
1684458230273449871,311,310.5,310,309.5,309,312.5,313,313.5,314,314.5
1684458230760891096,311,310.5,310,309.5,309,312.5,313,313.5,314,314.5
1684458232529179808,311,310.5,310,309.5,309,312.5,313,313.5,314,314.5
1684458232560004584,311,310.5,310,309.5,309,312.5,313,313.5,314,314.5
1684458232667071161,311,310.5,310,309.5,309,312.5,313,313.5,314,314.5
1684458232756878462,311,310.5,310,309.5,309,312.5,313,313.5,314,314.5
1684458234834289309,311,310.5,310,309.5,309,312.5,313,313.5,314,314.5
1684458235277366457,311,310.5,310,309.5,309,312.5,313,313.5,314,314.5
1684458238021436426,311,310.5,310,309.5,309,312.5,313,313.5,314,314.5
1684458238051769189,311,310.5,310,309.5,309,312.5,313,313.5,314,314.5
1684458238274151732,311,310.5,310,309.5,309,312.5,313,313.5,314,314.5
1684458240062585909,311,310.5,310,309.5,309,312.5,313,313.5,314,314.5
1684458240092810398,311,310.5,310,309.5,309,312.5,313,313.5,314,314.5
1684458240092835655,311,310.5,310,309.5,309,312.5,313,313.5,314,314.5
1684458240125485238,311,310.5,310,309.5,309,312.5,313,313.5,314,314.5
1684458240325185944,311,310.5,310,309.5,309,312.5,313,313.5,314,314.5
1684458241618003546,311,310.5,310,309.5,309,312.5,313,313.5,314,314.5
1684458243406423746,311,310.5,310,309.5,309,312.5,313,313.5,314,314.5
1684458244698116826,311,310.5,310,309.5,309,312.5,313,313.5,314,314.5
1684458246617118235,311,310.5,310,309.5,309,312.5,313,313.5,314,314.5
1684458247270048350,311,310.5,310,309.5,309,312.5,313,313.5,314,314.5
1684458247550426335,311,310.5,310,309.5,309,312.5,313,313.5,314,314.5
1684458249767861329,311,310.5,310,309.5,309,312.5,313,313.5,314,314.5
1684458250838242977,311,310.5,310,309.5,309,312.5,313,313.5,314,314.5
1684458251053681693,311,310.5,310,309.5,309,312.5,313,313.5,314,314.5
1684458251690508763,311,310.5,310,309.5,309,312,312.5,313,313.5,314
1684458251724461763,311,310.5,310,309.5,309,312,312.5,313,313.5,314
1684458251724461763,311,310.5,310,309.5,309,312.5,313,313.5,314,314.5
1684458251757266056,311,310.5,310,309.5,309,312.5,313,313.5,314,314.5
1684458251757375381,311,310.5,310,309.5,309,312.5,313,313.5,314,314.5
1684458251793851208,311,310.5,310,309.5,309,312.5,313,313.5,314,314.5
1684458251836840424,311,310.5,310,309.5,309,312.5,313,313.5,314,314.5
1684458252704979744,311,310.5,310,309.5,309,312.5,313,313.5,314,314.5
1684458252952356405,311,310.5,310,309.5,309,312.5,313,313.5,314,314.5
1684458252986968362,311,310.5,310,309.5,309,312.5,313,313.5,314,314.5
1684458254774901248,311,310.5,310,309.5,309,312.5,313,313.5,314,314.5
1684458254830269035,311,310.5,310,309.5,309,312.5,313,313.5,314,314.5
1684458255952568905,311,310.5,310,309.5,309,312.5,313,313.5,314,314.5
1684458255987622731,311,310.5,310,309.5,309,312.5,313,313.5,314,314.5
1684458256198293715,312,311,310.5,310,309.5,312.5,313,313.5,314,314.5
1684458256239227071,312,311,310.5,310,309.5,312.5,313,313.5,314,314.5
1684458256239281974,312,311,310.5,310,309.5,313,313.5,314,314.5,315
1684458256271940564,312,311,310.5,310,309.5,313,313.5,314,314.5,315
1684458256271940564,312,311,310.5,310,309.5,313,313.5,314,314.5,315
1684458256271994455,312,311,310.5,310,309.5,313,313.5,314,314.5,315
1684458256306810104,312,311,310.5,310,309.5,313,313.5,314,314.5,315
1684458259743864383,312,311,310.5,310,309.5,313,313.5,314,314.5,315
1684458261569333155,312,311,310.5,310,309.5,313,313.5,314,314.5,315
1684458262744738534,312,311,310.5,310,309.5,313,313.5,314,314.5,315
1684458263040543414,312,311,310.5,310,309.5,313,313.5,314,314.5,315
1684458264535832003,312,311,310.5,310,309.5,313,313.5,314,314.5,315
1684458264938206778,312,311,310.5,310,309.5,313,313.5,314,314.5,315
1684458267939629368,312,311,310.5,310,309.5,313,313.5,314,314.5,315
1684458268256709815,312,311,310.5,310,309.5,313,313.5,314,314.5,315
1684458270460695757,312,311,310.5,310,309.5,313,313.5,314,314.5,315
1684458282393490819,312,311,310.5,310,309.5,313,313.5,314,314.5,315
1684458288379614882,312,311,310.5,310,309.5,313,313.5,314,314.5,315
1684458293810284229,312.5,312,311,310.5,310,313,313.5,314,314.5,315
1684458293842902993,312.5,312,311,310.5,310,313,313.5,314,314.5,315
1684458293875739768,312.5,312,311,310.5,310,313,313.5,314,314.5,315
1684458296500355858,312.5,312,311,310.5,310,313,313.5,314,314.5,315
1684458302332996231,312.5,312,311,310.5,310,313,313.5,314,314.5,315
1684458302367397352,312,311,310.5,310,309.5,313,313.5,314,314.5,315
1684458302397708915,312,311,310.5,310,309.5,313,313.5,314,314.5,315
1684458302423628711,312,311,310.5,310,309.5,313,313.5,314,314.5,315
1684458303245856367,312,311,310.5,310,309.5,313,313.5,314,314.5,315
1684458303265904239,312,311,310.5,310,309.5,313,313.5,314,314.5,315
1684458310790430857,312,311,310.5,310,309.5,312.5,313,313.5,314,314.5
1684458310813050337,312,311,310.5,310,309.5,312.5,313,313.5,314,314.5
1684458310813050337,312,311,310.5,310,309.5,313,313.5,314,314.5,315
1684458310813050337,312,311,310.5,310,309.5,313,313.5,314,314.5,315
1684458314136923234,312,311,310.5,310,309.5,313,313.5,314,314.5,315
1684458318886268051,312,311,310.5,310,309.5,313,313.5,314,314.5,315
1684458318909410333,312,311,310.5,310,309.5,313,313.5,314,314.5,315
1684458319556296168,312,311.5,311,310.5,310,313,313.5,314,314.5,315
1684458320175428564,312,311.5,311,310.5,310,313,313.5,314,314.5,315
1684458320206091266,312,311.5,311,310.5,310,313.5,314,314.5,315,315.5
1684458320237790585,312,311.5,311,310.5,310,313.5,314,314.5,315,315.5
1684458325857457267,312,311.5,311,310.5,310,313.5,314,314.5,315,315.5
1684458328221148327,312,311.5,311,310.5,310,313.5,314,314.5,315,315.5
1684458328482292619,312.5,312,311.5,311,310.5,313.5,314,314.5,315,315.5
1684458328512121315,312.5,312,311.5,311,310.5,313.5,314,314.5,315,315.5
1684458328512121315,312.5,312,311.5,311,310.5,313.5,314,314.5,315,315.5
1684458328544796325,312.5,312,311.5,311,310.5,313.5,314,314.5,315,315.5
1684458328868256891,313,312.5,312,311.5,311,313.5,314,314.5,315,315.5
1684458328901021800,313,312.5,312,311.5,311,313.5,314,314.5,315,315.5
1684458328901086080,313,312.5,312,311.5,311,313.5,314,314.5,315,315.5
1684458330792609453,313,312.5,312,311.5,311,313.5,314,314.5,315,315.5
1684458330825176971,312.5,312,311.5,311,310.5,313.5,314,314.5,315,315.5
1684458332637408557,312.5,312,311.5,311,310.5,313.5,314,314.5,315,315.5
1684458332671522839,312.5,312,311.5,311,310.5,313.5,314,314.5,315,315.5
1684458335032084523,312.5,312,311.5,311,310.5,313,313.5,314,314.5,315
1684458335062789314,312.5,312,311.5,311,310.5,313,313.5,314,314.5,315
1684458335447725916,312.5,312,311.5,311,310.5,313,313.5,314,314.5,315
1684458335968801892,312.5,312,311.5,311,310.5,313,313.5,314,314.5,315
1684458336327114977,312.5,312,311.5,311,310.5,313,313.5,314,314.5,315
1684458337492369736,312.5,312,311.5,311,310.5,313,313.5,314,314.5,315
1684458338230030539,312.5,312,311.5,311,310.5,313,313.5,314,314.5,315
1684458338548620139,312.5,312,311.5,311,310.5,313,313.5,314,314.5,315
1684458340424167796,312.5,312,311.5,311,310.5,313,313.5,314,314.5,315
1684458342367219667,312.5,312,311.5,311,310.5,313,313.5,314,314.5,315
1684458343497468139,312.5,312,311.5,311,310.5,313,313.5,314,314.5,315
1684458344766985400,312.5,312,311.5,311,310.5,313,313.5,314,314.5,315
1684458346185271677,312.5,312,311.5,311,310.5,313,313.5,314,314.5,315
1684458350155427114,312.5,312,311.5,311,310.5,313.5,314,314.5,315,315.5
1684458350178275544,312.5,312,311.5,311,310.5,313.5,314,314.5,315,315.5
1684458352605776982,312.5,312,311.5,311,310.5,313,313.5,314,314.5,315
1684458352638599790,312.5,312,311.5,311,310.5,313,313.5,314,314.5,315
1684458357601368816,312.5,312,311.5,311,310.5,313,313.5,314,314.5,315
1684458359684529674,312.5,312,311.5,311,310.5,313.5,314,314.5,315,315.5
1684458359719133616,312.5,312,311.5,311,310.5,313.5,314,314.5,315,315.5
1684458360470265192,313,312.5,312,311.5,311,313.5,314,314.5,315,315.5
1684458360503433288,313,312.5,312,311.5,311,313.5,314,314.5,315,315.5
1684458360941513832,312.5,312,311.5,311,310.5,313.5,314,314.5,315,315.5
1684458360982324638,312.5,312,311.5,311,310.5,313.5,314,314.5,315,315.5
1684458361017034289,312.5,312,311.5,311,310.5,313.5,314,314.5,315,315.5
1684458361624279335,312.5,312,311.5,311,310.5,313.5,314,314.5,315,315.5
1684458362337063760,312.5,312,311.5,311,310.5,313.5,314,314.5,315,315.5
1684458366257919371,313,312.5,312,311.5,311,313.5,314,314.5,315,315.5
1684458366290110573,313,312.5,312,311.5,311,313.5,314,314.5,315,315.5
1684458370538301966,312.5,312,311.5,311,310.5,313.5,314,314.5,315,315.5
1684458371058441824,312.5,312,311.5,311,310.5,313.5,314,314.5,315,315.5
1684458371079641859,312.5,312,311.5,311,310.5,313.5,314,314.5,315,315.5
1684458380563157391,312.5,312,311.5,311,310.5,313.5,314,314.5,315,315.5
1684458383413048190,312.5,312,311.5,311,310.5,313.5,314,314.5,315,315.5
1684458383884126722,312.5,312,311.5,311,310.5,313.5,314,314.5,315,315.5
1684458386803823518,312.5,312,311.5,311,310.5,313.5,314,314.5,315,315.5
1684458388704142183,312.5,312,311.5,311,310.5,313,313.5,314,314.5,315
1684458388872499518,312.5,312,311.5,311,310.5,313,313.5,314,314.5,315
1684458388902986530,312.5,312,311.5,311,310.5,313,313.5,314,314.5,315
1684458391636930098,312.5,312,311.5,311,310.5,313,313.5,314,314.5,315
1684458391659454600,312,311.5,311,310.5,310,313,313.5,314,314.5,315
1684458391711719472,312,311.5,311,310.5,310,313,313.5,314,314.5,315
1684458391745084588,312,311.5,311,310.5,310,313,313.5,314,314.5,315
1684458392199100142,312,311.5,311,310.5,310,313,313.5,314,314.5,315
1684458395112779158,312,311.5,311,310.5,310,313,313.5,314,314.5,315
1684458395174999212,312,311.5,311,310.5,310,313,313.5,314,314.5,315
1684458397638112723,312,311.5,311,310.5,310,313,313.5,314,314.5,315
1684458398072974273,312,311.5,311,310.5,310,313,313.5,314,314.5,315
1684458398956793691,312,311.5,311,310.5,310,313,313.5,314,314.5,315
1684458402692622155,312,311.5,311,310.5,310,313,313.5,314,314.5,315
1684458402744442963,312,311.5,311,310.5,310,312.5,313,313.5,314,314.5
1684458402775215712,312,311.5,311,310.5,310,312.5,313,313.5,314,314.5
1684458402775215712,311.5,311,310.5,310,309.5,312.5,313,313.5,314,314.5
1684458402819740671,311.5,311,310.5,310,309.5,312.5,313,313.5,314,314.5
1684458402829970809,311.5,311,310.5,310,309.5,312.5,313,313.5,314,314.5
1684458402850904855,311.5,311,310.5,310,309.5,312.5,313,313.5,314,314.5
1684458403057871453,311.5,311,310.5,310,309.5,312.5,313,313.5,314,314.5
1684458404114691464,311.5,311,310.5,310,309.5,312.5,313,313.5,314,314.5
1684458404148350192,311,310.5,310,309.5,309,312.5,313,313.5,314,314.5
1684458404181248281,311,310.5,310,309.5,309,312,312.5,313,313.5,314
1684458404193458436,311,310.5,310,309.5,309,312,312.5,313,313.5,314
1684458404193537324,311,310.5,310,309.5,309,312,312.5,313,313.5,314
1684458404214175304,311,310.5,310,309.5,309,312,312.5,313,313.5,314
1684458405732938765,311,310.5,310,309.5,309,312.5,313,313.5,314,314.5
1684458405765246305,311,310.5,310,309.5,309,312.5,313,313.5,314,314.5
1684458405960395885,311,310.5,310,309.5,309,312.5,313,313.5,314,314.5
1684458406647048115,311,310.5,310,309.5,309,312.5,313,313.5,314,314.5
1684458408747120834,311,310.5,310,309.5,309,312.5,313,313.5,314,314.5
1684458411234781774,311,310.5,310,309.5,309,312.5,313,313.5,314,314.5
1684458413723685547,311,310.5,310,309.5,309,312.5,313,313.5,314,314.5
1684458413745066532,311,310.5,310,309.5,309,312.5,313,313.5,314,314.5
1684458413745066532,311,310.5,310,309.5,309,312.5,313,313.5,314,314.5
1684458415399579264,311,310.5,310,309.5,309,312.5,313,313.5,314,314.5
1684458415939165975,311,310.5,310,309.5,309,312.5,313,313.5,314,314.5
1684458415959353338,311,310.5,310,309.5,309,312.5,313,313.5,314,314.5
1684458416518665726,311,310.5,310,309.5,309,312.5,313,313.5,314,314.5
1684458417498547379,311,310.5,310,309.5,309,312.5,313,313.5,314,314.5
1684458420155695054,311,310.5,310,309.5,309,312,312.5,313,313.5,314
1684458420525381483,311,310.5,310,309.5,309,312,312.5,313,313.5,314
1684458420950476626,311,310.5,310,309.5,309,312,312.5,313,313.5,314
1684458424554879676,311,310.5,310,309.5,309,312,312.5,313,313.5,314
1684458425888219276,311,310.5,310,309.5,309,312,312.5,313,313.5,314
1684458425918836663,311,310.5,310,309.5,309,312,312.5,313,313.5,314
1684458425963777654,311,310.5,310,309.5,309,312,312.5,313,313.5,314
1684458429830643039,311,310.5,310,309.5,309,312,312.5,313,313.5,314
1684458432011700954,311,310.5,310,309.5,309,312,312.5,313,313.5,314
1684458432033559495,311,310.5,310,309.5,309,312,312.5,313,313.5,314
1684458432065136825,311,310.5,310,309.5,309,312,312.5,313,313.5,314
1684458432406988781,311,310.5,310,309.5,309,312,312.5,313,313.5,314
1684458435773134311,311,310.5,310,309.5,309,312,312.5,313,313.5,314
1684458436778207924,311,310.5,310,309.5,309,312,312.5,313,313.5,314
1684458436799955988,311,310.5,310,309.5,309,312,312.5,313,313.5,314
1684458437209894553,311,310.5,310,309.5,309,312,312.5,313,313.5,314
1684458437534484418,311,310.5,310,309.5,309,312,312.5,313,313.5,314
1684458437611120950,311,310.5,310,309.5,309,311.5,312,312.5,313,313.5
1684458437644376831,311,310.5,310,309.5,309,312,312.5,313,313.5,314
1684458439641814623,311,310.5,310,309.5,309,312,312.5,313,313.5,314
1684458440431363760,311,310.5,310,309.5,309,312,312.5,313,313.5,314
1684458442431097773,311,310.5,310,309.5,309,312,312.5,313,313.5,314
1684458444342402623,311,310.5,310,309.5,309,312,312.5,313,313.5,314
1684458444519979770,311,310.5,310,309.5,309,312,312.5,313,313.5,314
1684458446110296537,311,310.5,310,309.5,309,312,312.5,313,313.5,314
1684458446673938353,311,310.5,310,309.5,309,312,312.5,313,313.5,314
1684458446715648768,311,310.5,310,309.5,309,312,312.5,313,313.5,314
1684458446810050135,311,310.5,310,309.5,309,312,312.5,313,313.5,314
1684458447162068490,311,310.5,310,309.5,309,312,312.5,313,313.5,314
1684458447950372859,311,310.5,310,309.5,309,312,312.5,313,313.5,314
1684458448325283737,311.5,311,310.5,310,309.5,312,312.5,313,313.5,314
1684458448358120080,311.5,311,310.5,310,309.5,312,312.5,313,313.5,314
1684458450053221539,311.5,311,310.5,310,309.5,312,312.5,313,313.5,314
1684458451034141110,311.5,311,310.5,310,309.5,312,312.5,313,313.5,314
1684458451043900735,311.5,311,310.5,310,309.5,312,312.5,313,313.5,314
1684458451159460929,311.5,311,310.5,310,309.5,312,312.5,313,313.5,314
1684458451710633723,311.5,311,310.5,310,309.5,312,312.5,313,313.5,314
1684458451998462767,311.5,311,310.5,310,309.5,312,312.5,313,313.5,314
1684458456795824999,311.5,311,310.5,310,309.5,312,312.5,313,313.5,314
1684458457362254479,311.5,311,310.5,310,309.5,312,312.5,313,313.5,314
1684458457629407932,311,310.5,310,309.5,309,312,312.5,313,313.5,314
1684458457725703195,311,310.5,310,309.5,309,312,312.5,313,313.5,314
1684458457746002689,311,310.5,310,309.5,309,312,312.5,313,313.5,314
1684458460911628705,311,310.5,310,309.5,309,312,312.5,313,313.5,314
1684458463982405803,311,310.5,310,309.5,309,312,312.5,313,313.5,314
1684458464294771697,311,310.5,310,309.5,309,312,312.5,313,313.5,314
1684458464866118439,311.5,311,310.5,310,309.5,312,312.5,313,313.5,314
1684458464901193125,311.5,311,310.5,310,309.5,312,312.5,313,313.5,314
1684458465855401333,311.5,311,310.5,310,309.5,312,312.5,313,313.5,314
1684458468843340366,311,310.5,310,309.5,309,312,312.5,313,313.5,314
1684458471635569466,311,310.5,310,309.5,309,312,312.5,313,313.5,314
1684458471656476110,311,310.5,310,309.5,309,312,312.5,313,313.5,314
1684458473317376653,311,310.5,310,309.5,309,312,312.5,313,313.5,314
1684458473753532142,311,310.5,310,309.5,309,311.5,312,312.5,313,313.5
1684458473786178389,311,310.5,310,309.5,309,312,312.5,313,313.5,314
1684458474328930793,311,310.5,310,309.5,309,312,312.5,313,313.5,314
1684458478304367777,311,310.5,310,309.5,309,312,312.5,313,313.5,314
1684458479536891827,311,310.5,310,309.5,309,312,312.5,313,313.5,314
1684458479654211594,311,310.5,310,309.5,309,312,312.5,313,313.5,314
1684458480666313292,311,310.5,310,309.5,309,312,312.5,313,313.5,314
1684458481252425709,311,310.5,310,309.5,309,312,312.5,313,313.5,314
1684458482115593350,311,310.5,310,309.5,309,312,312.5,313,313.5,314
1684458484550089675,311,310.5,310,309.5,309,312,312.5,313,313.5,314
1684458486087137654,311,310.5,310,309.5,309,312,312.5,313,313.5,314
1684458488461893342,311,310.5,310,309.5,309,312,312.5,313,313.5,314
1684458490027151327,311,310.5,310,309.5,309,311.5,312,312.5,313,313.5
1684458490060934478,311,310.5,310,309.5,309,312,312.5,313,313.5,314
1684458490671129041,311,310.5,310,309.5,309,312,312.5,313,313.5,314
1684458495135650331,311,310.5,310,309.5,309,312,312.5,313,313.5,314
1684458496268529489,311,310.5,310,309.5,309,312,312.5,313,313.5,314
1684458497274067322,311,310.5,310,309.5,309,312,312.5,313,313.5,314
1684458497349692534,311,310.5,310,309.5,309,312,312.5,313,313.5,314
1684458497787042116,311,310.5,310,309.5,309,312,312.5,313,313.5,314
1684458497989655910,311,310.5,310,309.5,309,312,312.5,313,313.5,314
1684458498920626908,311,310.5,310,309.5,309,312,312.5,313,313.5,314
1684458501907715632,311,310.5,310,309.5,309,312,312.5,313,313.5,314
1684458502685811944,311,310.5,310,309.5,309,311.5,312,312.5,313,313.5
1684458503108945684,310.5,310,309.5,309,308.5,311.5,312,312.5,313,313.5
1684458503142035443,310.5,310,309.5,309,308.5,312,312.5,313,313.5,314
1684458503151929289,310.5,310,309.5,309,308.5,312,312.5,313,313.5,314
1684458503151954587,310.5,310,309.5,309,308.5,312,312.5,313,313.5,314
1684458503164497708,310.5,310,309.5,309,308.5,312,312.5,313,313.5,314
1684458504406352616,310.5,310,309.5,309,308.5,312,312.5,313,313.5,314
1684458504910784630,310.5,310,309.5,309,308.5,311.5,312,312.5,313,313.5
1684458505685311180,310.5,310,309.5,309,308.5,311.5,312,312.5,313,313.5
1684458508265806290,310.5,310,309.5,309,308.5,311.5,312,312.5,313,313.5
1684458508762428771,311,310.5,310,309.5,309,311.5,312,312.5,313,313.5
1684458508782823143,311,310.5,310,309.5,309,311.5,312,312.5,313,313.5
1684458508877349244,311,310.5,310,309.5,309,311.5,312,312.5,313,313.5
1684458509427857099,311,310.5,310,309.5,309,311.5,312,312.5,313,313.5
1684458510109365098,311,310.5,310,309.5,309,311.5,312,312.5,313,313.5
1684458512244016047,311,310.5,310,309.5,309,311.5,312,312.5,313,313.5
1684458512244016047,311,310.5,310,309.5,309,311.5,312,312.5,313,313.5
1684458512517489046,311,310.5,310,309.5,309,311.5,312,312.5,313,313.5
1684458513554761163,310.5,310,309.5,309,308.5,311.5,312,312.5,313,313.5
1684458514335497602,310.5,310,309.5,309,308.5,311.5,312,312.5,313,313.5
1684458514359338024,310.5,310,309.5,309,308.5,311.5,312,312.5,313,313.5
1684458522761903926,310.5,310,309.5,309,308.5,311.5,312,312.5,313,313.5
1684458523110826939,311,310.5,310,309.5,309,311.5,312,312.5,313,313.5
1684458523144646298,311,310.5,310,309.5,309,311.5,312,312.5,313,313.5
1684458523745993719,310.5,310,309.5,309,308.5,311.5,312,312.5,313,313.5
1684458523756037286,310.5,310,309.5,309,308.5,311.5,312,312.5,313,313.5
1684458523788918293,310.5,310,309.5,309,308.5,311.5,312,312.5,313,313.5
1684458523864524510,310.5,310,309.5,309,308.5,311.5,312,312.5,313,313.5
1684458524822853464,311,310.5,310,309.5,309,311.5,312,312.5,313,313.5
1684458524843319601,311,310.5,310,309.5,309,311.5,312,312.5,313,313.5
1684458525096045185,311,310.5,310,309.5,309,311.5,312,312.5,313,313.5
1684458529364563120,310.5,310,309.5,309,308.5,311.5,312,312.5,313,313.5
1684458533066284706,310.5,310,309.5,309,308.5,311.5,312,312.5,313,313.5
1684458533102033297,310.5,310,309.5,309,308.5,311.5,312,312.5,313,313.5
1684458533711531511,310.5,310,309.5,309,308.5,311.5,312,312.5,313,313.5
1684458534760537148,310.5,310,309.5,309,308.5,311.5,312,312.5,313,313.5
1684458535002281504,310.5,310,309.5,309,308.5,311,311.5,312,312.5,313
1684458535286376566,310.5,310,309.5,309,308.5,311,311.5,312,312.5,313
1684458535286484960,310.5,310,309.5,309,308.5,311,311.5,312,312.5,313
1684458536019537037,310.5,310,309.5,309,308.5,311,311.5,312,312.5,313
1684458540047960053,310.5,310,309.5,309,308.5,311,311.5,312,312.5,313
1684458540820704917,310.5,310,309.5,309,308.5,311,311.5,312,312.5,313
1684458541039403171,310.5,310,309.5,309,308.5,311,311.5,312,312.5,313
1684458543122091785,310.5,310,309.5,309,308.5,311,311.5,312,312.5,313
1684458543155243991,310.5,310,309.5,309,308.5,311.5,312,312.5,313,313.5
1684458543513390051,310.5,310,309.5,309,308.5,311,311.5,312,312.5,313
1684458545571622496,310.5,310,309.5,309,308.5,311,311.5,312,312.5,313
1684458545736750778,311,310.5,310,309.5,309,311.5,312,312.5,313,313.5
1684458545767050759,311,310.5,310,309.5,309,311.5,312,312.5,313,313.5
1684458546690690461,310.5,310,309.5,309,308.5,311,311.5,312,312.5,313
1684458546711159904,310.5,310,309.5,309,308.5,311.5,312,312.5,313,313.5
1684458546721409969,310.5,310,309.5,309,308.5,311.5,312,312.5,313,313.5
1684458546742057457,310.5,310,309.5,309,308.5,311.5,312,312.5,313,313.5
1684458548733811624,310.5,310,309.5,309,308.5,311.5,312,312.5,313,313.5
1684458550895333864,310.5,310,309.5,309,308.5,311.5,312,312.5,313,313.5
1684458552157389480,310.5,310,309.5,309,308.5,311.5,312,312.5,313,313.5
1684458553396090396,310.5,310,309.5,309,308.5,311,311.5,312,312.5,313
1684458553416941175,310.5,310,309.5,309,308.5,311.5,312,312.5,313,313.5
1684458556256992912,310.5,310,309.5,309,308.5,311.5,312,312.5,313,313.5
1684458556634888733,310.5,310,309.5,309,308.5,311.5,312,312.5,313,313.5
1684458556793569650,310.5,310,309.5,309,308.5,311.5,312,312.5,313,313.5
1684458557861838514,311,310.5,310,309.5,309,311.5,312,312.5,313,313.5
1684458557894467879,311,310.5,310,309.5,309,311.5,312,312.5,313,313.5
1684458558036362027,311,310.5,310,309.5,309,311.5,312,312.5,313,313.5
1684458561756152377,311,310.5,310,309.5,309,311.5,312,312.5,313,313.5
1684458563349293754,311,310.5,310,309.5,309,311.5,312,312.5,313,313.5
1684458563741633265,311,310.5,310,309.5,309,311.5,312,312.5,313,313.5
1684458566531960138,311,310.5,310,309.5,309,311.5,312,312.5,313,313.5
1684458566957877564,311,310.5,310,309.5,309,311.5,312,312.5,313,313.5
1684458566957877564,311,310.5,310,309.5,309,311.5,312,312.5,313,313.5
1684458567034391335,311,310.5,310,309.5,309,311.5,312,312.5,313,313.5
1684458567056529191,311,310.5,310,309.5,309,311.5,312,312.5,313,313.5
1684458567798713985,311,310.5,310,309.5,309,311.5,312,312.5,313,313.5
1684458569937051173,311,310.5,310,309.5,309,311.5,312,312.5,313,313.5
1684458572479393184,311,310.5,310,309.5,309,311.5,312,312.5,313,313.5
1684458575443950189,311,310.5,310,309.5,309,311.5,312,312.5,313,313.5
1684458575926674705,311,310.5,310,309.5,309,311.5,312,312.5,313,313.5
1684458577140835243,311,310.5,310,309.5,309,311.5,312,312.5,313,313.5
1684458577751204422,311,310.5,310,309.5,309,311.5,312,312.5,313,313.5
1684458578612234779,311,310.5,310,309.5,309,311.5,312,312.5,313,313.5
1684458580977644555,311,310.5,310,309.5,309,311.5,312,312.5,313,313.5
1684458582990914047,311,310.5,310,309.5,309,311.5,312,312.5,313,313.5
1684458584710194911,311,310.5,310,309.5,309,311.5,312,312.5,313,313.5
1684458585945341482,311,310.5,310,309.5,309,311.5,312,312.5,313,313.5
1684458586069139073,311,310.5,310,309.5,309,311.5,312,312.5,313,313.5
1684458588309578916,311,310.5,310,309.5,309,311.5,312,312.5,313,313.5
1684458589842478413,311,310.5,310,309.5,309,311.5,312,312.5,313,313.5
1684458589963399463,311,310.5,310,309.5,309,311.5,312,312.5,313,313.5
1684458593431110691,311,310.5,310,309.5,309,311.5,312,312.5,313,313.5
1684458598036591296,311,310.5,310,309.5,309,311.5,312,312.5,313,313.5
1684458598350618618,311,310.5,310,309.5,309,311.5,312,312.5,313,313.5
1684458598450466301,311,310.5,310,309.5,309,311.5,312,312.5,313,313.5
1684458599472248693,311,310.5,310,309.5,309,311.5,312,312.5,313,313.5
1684458600845533239,310.5,310,309.5,309,308.5,311.5,312,312.5,313,313.5
1684458601846130484,311,310.5,310,309.5,309,311.5,312,312.5,313,313.5
1684458605477379187,311,310.5,310,309.5,309,311.5,312,312.5,313,313.5
1684458609114475819,310.5,310,309.5,309,308.5,311.5,312,312.5,313,313.5
1684458609313037625,310.5,310,309.5,309,308.5,311.5,312,312.5,313,313.5
1684458609336196227,310.5,310,309.5,309,308.5,311.5,312,312.5,313,313.5
1684458610617860669,310.5,310,309.5,309,308.5,311.5,312,312.5,313,313.5
1684458611187941423,310.5,310,309.5,309,308.5,311.5,312,312.5,313,313.5
1684458611234257906,311,310.5,310,309.5,309,311.5,312,312.5,313,313.5
1684458611266547413,311,310.5,310,309.5,309,311.5,312,312.5,313,313.5
1684458611630805347,311,310.5,310,309.5,309,311.5,312,312.5,313,313.5
1684458613301788087,310.5,310,309.5,309,308.5,311.5,312,312.5,313,313.5
1684458613324280969,310.5,310,309.5,309,308.5,311.5,312,312.5,313,313.5
1684458613357298151,310.5,310,309.5,309,308.5,311.5,312,312.5,313,313.5
1684458615356727958,310.5,310,309.5,309,308.5,311.5,312,312.5,313,313.5
1684458618263878404,310.5,310,309.5,309,308.5,311.5,312,312.5,313,313.5
1684458618349051524,310.5,310,309.5,309,308.5,311.5,312,312.5,313,313.5
1684458619590315470,311,310.5,310,309.5,309,311.5,312,312.5,313,313.5
1684458619620768318,311,310.5,310,309.5,309,311.5,312,312.5,313,313.5
1684458619766240995,310.5,310,309.5,309,308.5,311.5,312,312.5,313,313.5
1684458620632618601,310.5,310,309.5,309,308.5,311.5,312,312.5,313,313.5
1684458620668657367,310.5,310,309.5,309,308.5,311.5,312,312.5,313,313.5
1684458623263146486,310.5,310,309.5,309,308.5,311.5,312,312.5,313,313.5
1684458623691164586,310.5,310,309.5,309,308.5,311.5,312,312.5,313,313.5
1684458625434135268,310.5,310,309.5,309,308.5,311,311.5,312,312.5,313
1684458625454915054,310.5,310,309.5,309,308.5,311.5,312,312.5,313,313.5
1684458626138835501,311,310.5,310,309.5,309,311.5,312,312.5,313,313.5
1684458626171490233,311,310.5,310,309.5,309,311.5,312,312.5,313,313.5
1684458628056656590,311,310.5,310,309.5,309,311.5,312,312.5,313,313.5
1684458628446726438,311,310.5,310,309.5,309,311.5,312,312.5,313,313.5
1684458630286224058,311,310.5,310,309.5,309,311.5,312,312.5,313,313.5
1684458630477475338,310.5,310,309.5,309,308.5,311.5,312,312.5,313,313.5
1684458630522472614,310.5,310,309.5,309,308.5,311.5,312,312.5,313,313.5
1684458630558229400,310.5,310,309.5,309,308.5,311.5,312,312.5,313,313.5
1684458630679147414,310.5,310,309.5,309,308.5,311.5,312,312.5,313,313.5
1684458630800348329,310.5,310,309.5,309,308.5,311.5,312,312.5,313,313.5
1684458631717643276,310.5,310,309.5,309,308.5,311.5,312,312.5,313,313.5
1684458633990835092,310.5,310,309.5,309,308.5,311.5,312,312.5,313,313.5
1684458634461803334,310.5,310,309.5,309,308.5,311.5,312,312.5,313,313.5
1684458638308970800,310.5,310,309.5,309,308.5,311.5,312,312.5,313,313.5
1684458638340614063,310.5,310,309.5,309,308.5,312,312.5,313,313.5,314
1684458638371328141,310.5,310,309.5,309,308.5,312,312.5,313,313.5,314
1684458638465576290,310.5,310,309.5,309,308.5,311,312,312.5,313,313.5
1684458638506748614,310.5,310,309.5,309,308.5,312,312.5,313,313.5,314
1684458638506748614,311,310.5,310,309.5,309,312,312.5,313,313.5,314
1684458638537257958,311,310.5,310,309.5,309,312,312.5,313,313.5,314
1684458638568009848,311,310.5,310,309.5,309,312,312.5,313,313.5,314
1684458638801479706,311,310.5,310,309.5,309,312,312.5,313,313.5,314
1684458641471291760,311,310.5,310,309.5,309,312,312.5,313,313.5,314
1684458641533635155,311,310.5,310,309.5,309,312,312.5,313,313.5,314
1684458642292478095,311,310.5,310,309.5,309,312,312.5,313,313.5,314
1684458643014342445,311,310.5,310,309.5,309,312,312.5,313,313.5,314
1684458644195983554,311,310.5,310,309.5,309,312,312.5,313,313.5,314
1684458644216491329,311,310.5,310,309.5,309,312,312.5,313,313.5,314
1684458644590257276,311,310.5,310,309.5,309,312,312.5,313,313.5,314
1684458648247032694,311,310.5,310,309.5,309,312,312.5,313,313.5,314
1684458649719568632,311,310.5,310,309.5,309,312,312.5,313,313.5,314
1684458655306571582,311,310.5,310,309.5,309,312,312.5,313,313.5,314
1684458661562243001,311,310.5,310,309.5,309,311.5,312,312.5,313,313.5
1684458661582729436,311,310.5,310,309.5,309,311.5,312,312.5,313,313.5
1684458661672984066,311,310.5,310,309.5,309,311.5,312,312.5,313,313.5
1684458661963608848,311,310.5,310,309.5,309,311.5,312,312.5,313,313.5
1684458662372350855,311,310.5,310,309.5,309,311.5,312,312.5,313,313.5
1684458662526931443,311,310.5,310,309.5,309,311.5,312,312.5,313,313.5
1684458665511018092,311,310.5,310,309.5,309,311.5,312,312.5,313,313.5
1684458668923889669,311,310.5,310,309.5,309,311.5,312,312.5,313,313.5
1684458670289764421,311,310.5,310,309.5,309,311.5,312,312.5,313,313.5
1684458673008740252,311,310.5,310,309.5,309,311.5,312,312.5,313,313.5
1684458673157182865,311,310.5,310,309.5,309,311.5,312,312.5,313,313.5
1684458673480971736,311,310.5,310,309.5,309,311.5,312,312.5,313,313.5
1684458675631312407,311,310.5,310,309.5,309,311.5,312,312.5,313,313.5
1684458677334403200,311,310.5,310,309.5,309,311.5,312,312.5,313,313.5
1684458680761066442,311,310.5,310,309.5,309,311.5,312,312.5,313,313.5
1684458681867457272,311,310.5,310,309.5,309,311.5,312,312.5,313,313.5
1684458684504198109,311,310.5,310,309.5,309,311.5,312,312.5,313,313.5
1684458685730907566,311,310.5,310,309.5,309,311.5,312,312.5,313,313.5
1684458686664757066,311,310.5,310,309.5,309,311.5,312,312.5,313,313.5
1684458686822466107,311,310.5,310,309.5,309,311.5,312,312.5,313,313.5
1684458687502455693,311,310.5,310,309.5,309,311.5,312,312.5,313,313.5
1684458688949513283,311,310.5,310,309.5,309,311.5,312,312.5,313,313.5
1684458691399243372,311,310.5,310,309.5,309,311.5,312,312.5,313,313.5
1684458692819398159,311,310.5,310,309.5,309,311.5,312,312.5,313,313.5
1684458693786145205,311,310.5,310,309.5,309,311.5,312,312.5,313,313.5
1684458694384311952,311,310.5,310,309.5,309,311.5,312,312.5,313,313.5
1684458695037085699,311,310.5,310,309.5,309,311.5,312,312.5,313,313.5
1684458697483427906,311,310.5,310,309.5,309,311.5,312,312.5,313,313.5
1684458697882812554,311,310.5,310,309.5,309,311.5,312,312.5,313,313.5
1684458700658894384,311,310.5,310,309.5,309,312,312.5,313,313.5,314
1684458700690175507,311,310.5,310,309.5,309,312,312.5,313,313.5,314
1684458701235887967,311,310.5,310,309.5,309,312,312.5,313,313.5,314
1684458702201217312,311.5,311,310.5,310,309.5,312,312.5,313,313.5,314
1684458702233978133,311.5,311,310.5,310,309.5,312,312.5,313,313.5,314
1684458703765259439,311.5,311,310.5,310,309.5,312,312.5,313,313.5,314
1684458706058613328,311.5,311,310.5,310,309.5,312,312.5,313,313.5,314
1684458706709872400,311.5,311,310.5,310,309.5,312,312.5,313,313.5,314
1684458710906183346,311.5,311,310.5,310,309.5,312,312.5,313,313.5,314
1684458712949151937,311.5,311,310.5,310,309.5,312,312.5,313,313.5,314
1684458719167203245,311.5,311,310.5,310,309.5,312,312.5,313,313.5,314
1684458719673863631,311.5,311,310.5,310,309.5,312,312.5,313,313.5,314
1684458722559051376,311.5,311,310.5,310,309.5,312,312.5,313,313.5,314
1684458724240939808,311.5,311,310.5,310,309.5,312,312.5,313,313.5,314
1684458730438294976,311.5,311,310.5,310,309.5,312,312.5,313,313.5,314
1684458735517292597,311.5,311,310.5,310,309.5,312,312.5,313,313.5,314
1684458743666352187,311.5,311,310.5,310,309.5,312,312.5,313,313.5,314
1684458744410891740,311,310.5,310,309.5,309,311.5,312,312.5,313,313.5
1684458744433391826,311,310.5,310,309.5,309,311.5,312,312.5,313,313.5
1684458745747274577,311,310.5,310,309.5,309,311.5,312,312.5,313,313.5
1684458745843720142,311,310.5,310,309.5,309,311.5,312,312.5,313,313.5
1684458746585935611,311,310.5,310,309.5,309,311.5,312,312.5,313,313.5
1684458748023679402,311,310.5,310,309.5,309,311.5,312,312.5,313,313.5
1684458754791319493,311,310.5,310,309.5,309,311.5,312,312.5,313,313.5
1684458754791319493,311,310.5,310,309.5,309,311.5,312,312.5,313,313.5
1684458754791319493,311,310.5,310,309.5,309,311.5,312,312.5,313,313.5
1684458754791406958,311,310.5,310,309.5,309,311.5,312,312.5,313,313.5
1684458755368164977,311,310.5,310,309.5,309,311.5,312,312.5,313,313.5
1684458761384159673,311,310.5,310,309.5,309,311.5,312,312.5,313,313.5
1684458763146241755,311,310.5,310,309.5,309,311.5,312,312.5,313,313.5
1684458763337592361,311,310.5,310,309.5,309,311.5,312,312.5,313,313.5
1684458765432798780,311,310.5,310,309.5,309,311.5,312,312.5,313,313.5
1684458766960598868,311,310.5,310,309.5,309,311.5,312,312.5,313,313.5
1684458767525865201,311,310.5,310,309.5,309,311.5,312,312.5,313,313.5
1684458772946964131,311,310.5,310,309.5,309,311.5,312,312.5,313,313.5
1684458773955637606,311,310.5,310,309.5,309,311.5,312,312.5,313,313.5
1684458774030401421,311,310.5,310,309.5,309,311.5,312,312.5,313,313.5
1684458778290571323,311,310.5,310,309.5,309,311.5,312,312.5,313,313.5
1684458782577721903,311,310.5,310,309.5,309,311.5,312,312.5,313,313.5
1684458788940922002,311,310.5,310,309.5,309,311.5,312,312.5,313,313.5
1684458789372498702,311,310.5,310,309.5,309,311.5,312,312.5,313,313.5
1684458791424486784,311,310.5,310,309.5,309,311.5,312,312.5,313,313.5
1684458791586287348,311,310.5,310,309.5,309,311.5,312,312.5,313,313.5
1684458792598931498,311,310.5,310,309.5,309,311.5,312,312.5,313,313.5
1684458793745633543,311,310.5,310,309.5,309,311.5,312,312.5,313,313.5
1684458794290404364,311,310.5,310,309.5,309,311.5,312,312.5,313,313.5
1684458795076869165,311,310.5,310,309.5,309,311.5,312,312.5,313,313.5
1684458798929131997,311,310.5,310,309.5,309,311.5,312,312.5,313,313.5
1684458800703711342,311,310.5,310,309.5,309,311.5,312,312.5,313,313.5
1684458804033172401,311,310.5,310,309.5,309,311.5,312,312.5,313,313.5
1684458805412239500,311,310.5,310,309.5,309,311.5,312,312.5,313,313.5
1684458810346114505,311,310.5,310,309.5,309,311.5,312,312.5,313,313.5
1684458819179037162,311,310.5,310,309.5,309,311.5,312,312.5,313,313.5
1684458819390986413,311,310.5,310,309.5,309,311.5,312,312.5,313,313.5
1684458821060856007,311,310.5,310,309.5,309,311.5,312,312.5,313,313.5
1684458821095046772,311,310.5,310,309.5,309,311.5,312,312.5,313,313.5
1684458821126816312,310.5,310,309.5,309,308.5,311.5,312,312.5,313,313.5
1684458821163127940,310.5,310,309.5,309,308.5,311.5,312,312.5,313,313.5
1684458821163271400,310.5,310,309.5,309,308.5,311,311.5,312,312.5,313
1684458821163271400,310.5,310,309.5,309,308.5,311,311.5,312,312.5,313
1684458821163271400,310.5,310,309.5,309,308.5,311,311.5,312,312.5,313
1684458821163271400,310.5,310,309.5,309,308.5,311,311.5,312,312.5,313
1684458821172796614,310.5,310,309.5,309,308.5,311,311.5,312,312.5,313
1684458821172796614,310.5,310,309.5,309,308.5,311,311.5,312,312.5,313
1684458821183334069,310.5,310,309.5,309,308.5,311,311.5,312,312.5,313
1684458821183367832,310.5,310,309.5,309,308.5,311,311.5,312,312.5,313
1684458821205556313,310.5,310,309.5,309,308.5,311,311.5,312,312.5,313
1684458821205556313,310.5,310,309.5,309,308.5,311,311.5,312,312.5,313
1684458821205821611,310.5,310,309.5,309,308.5,311,311.5,312,312.5,313
1684458821229470764,310.5,310,309.5,309,308.5,311,311.5,312,312.5,313
1684458821229470764,310.5,310,309.5,309,308.5,311,311.5,312,312.5,313
1684458821229470764,310.5,310,309.5,309,308.5,311,311.5,312,312.5,313
1684458821263889348,310.5,310,309.5,309,308.5,311,311.5,312,312.5,313
1684458821274530107,310.5,310,309.5,309,308.5,311,311.5,312,312.5,313
1684458821306909091,310.5,310,309.5,309,308.5,311,311.5,312,312.5,313
1684458821306909091,310.5,310,309.5,309,308.5,311,311.5,312,312.5,313
1684458822086201484,310.5,310,309.5,309,308.5,311,311.5,312,312.5,313
1684458822457866766,310.5,310,309.5,309,308.5,311,311.5,312,312.5,313
1684458822457866766,310.5,310,309.5,309,308.5,311,311.5,312,312.5,313
1684458823207512235,310.5,310,309.5,309,308.5,311,311.5,312,312.5,313
1684458825300704630,310.5,310,309.5,309,308.5,311,311.5,312,312.5,313
1684458826758949691,310.5,310,309.5,309,308.5,311,311.5,312,312.5,313
1684458826949301402,310.5,310,309.5,309,308.5,311,311.5,312,312.5,313
1684458827536058926,310.5,310,309.5,309,308.5,311,311.5,312,312.5,313
1684458829865659937,310.5,310,309.5,309,308.5,311,311.5,312,312.5,313
1684458832875182304,310.5,310,309.5,309,308.5,311,311.5,312,312.5,313
1684458832936763338,310.5,310,309.5,309,308.5,311,311.5,312,312.5,313
1684458832977670414,310.5,310,309.5,309,308.5,311,311.5,312,312.5,313
1684458833012463411,310,309.5,309,308.5,308,310.5,311,311.5,312,312.5
1684458833045270539,310,309.5,309,308.5,308,311,311.5,312,312.5,313
1684458833055491710,310,309.5,309,308.5,308,311,311.5,312,312.5,313
1684458833077864787,310,309.5,309,308.5,308,311,311.5,312,312.5,313
1684458833110625508,310,309.5,309,308.5,308,311,311.5,312,312.5,313
1684458835040948332,310,309.5,309,308.5,308,311,311.5,312,312.5,313
1684458836040701118,310,309.5,309,308.5,308,310.5,311,311.5,312,312.5
1684458838330994535,310,309.5,309,308.5,308,310.5,311,311.5,312,312.5
1684458838341437352,310,309.5,309,308.5,308,310.5,311,311.5,312,312.5
1684458839592623083,310,309.5,309,308.5,308,310.5,311,311.5,312,312.5
1684458839944881516,310,309.5,309,308.5,308,310.5,311,311.5,312,312.5
1684458840007101800,310,309.5,309,308.5,308,310.5,311,311.5,312,312.5
1684458840007101800,310,309.5,309,308.5,308,310.5,311,311.5,312,312.5
1684458840756337529,310,309.5,309,308.5,308,310.5,311,311.5,312,312.5
1684458841149484845,310,309.5,309,308.5,308,310.5,311,311.5,312,312.5
1684458842801895176,310,309.5,309,308.5,308,310.5,311,311.5,312,312.5
1684458843490084536,310,309.5,309,308.5,308,310.5,311,311.5,312,312.5
1684458843846435323,310,309.5,309,308.5,308,310.5,311,311.5,312,312.5
1684458847697786610,310,309.5,309,308.5,308,310.5,311,311.5,312,312.5
1684458847723413607,310,309.5,309,308.5,308,310.5,311,311.5,312,312.5
1684458847766489085,310,309.5,309,308.5,308,310.5,311,311.5,312,312.5
1684458847809324141,310,309.5,309,308.5,308,310.5,311,311.5,312,312.5
1684458847876214964,310,309.5,309,308.5,308,310.5,311,311.5,312,312.5
1684458849504774493,310,309.5,309,308.5,308,310.5,311,311.5,312,312.5
1684458849516322856,310,309.5,309,308.5,308,310.5,311,311.5,312,312.5
1684458849536982386,310,309.5,309,308.5,308,310.5,311,311.5,312,312.5
1684458850325584048,310,309.5,309,308.5,308,310.5,311,311.5,312,312.5
1684458852450208258,310,309.5,309,308.5,308,310.5,311,311.5,312,312.5
1684458852515873961,310,309.5,309,308.5,308,310.5,311,311.5,312,312.5
1684458853151749678,310,309.5,309,308.5,308,310.5,311,311.5,312,312.5
1684458854325065972,310,309.5,309,308.5,308,310.5,311,311.5,312,312.5
1684458856468266551,310,309.5,309,308.5,308,310.5,311,311.5,312,312.5
1684458856479094381,310,309.5,309,308.5,308,310.5,311,311.5,312,312.5
1684458857586867723,310,309.5,309,308.5,308,310.5,311,311.5,312,312.5
1684458857617541295,310,309.5,309,308.5,308,310.5,311,311.5,312,312.5
1684458857650757902,309.5,309,308.5,308,307.5,310.5,311,311.5,312,312.5
1684458857685462011,309.5,309,308.5,308,307.5,310.5,311,311.5,312,312.5
1684458857685600281,309.5,309,308.5,308,307.5,310.5,311,311.5,312,312.5
1684458857690996593,309.5,309,308.5,308,307.5,310.5,311,311.5,312,312.5
1684458857705058295,309.5,309,308.5,308,307.5,310.5,311,311.5,312,312.5
1684458857713461813,309.5,309,308.5,308,307.5,310.5,311,311.5,312,312.5
1684458857846758378,309.5,309,308.5,308,307.5,310.5,311,311.5,312,312.5
1684458859312215109,309.5,309,308.5,308,307.5,310.5,311,311.5,312,312.5
1684458862472098740,309.5,309,308.5,308,307.5,310.5,311,311.5,312,312.5
1684458863346863230,310,309.5,309,308.5,308,310.5,311,311.5,312,312.5
1684458863367125223,310,309.5,309,308.5,308,310.5,311,311.5,312,312.5
1684458863367125223,310,309.5,309,308.5,308,310.5,311,311.5,312,312.5
1684458864131208760,310,309.5,309,308.5,308,310.5,311,311.5,312,312.5
1684458864520173863,310,309.5,309,308.5,308,310.5,311,311.5,312,312.5
1684458865080746282,309.5,309,308.5,308,307.5,310.5,311,311.5,312,312.5
1684458865831909700,309.5,309,308.5,308,307.5,310,310.5,311,311.5,312
1684458866496390185,309.5,309,308.5,308,307.5,310,310.5,311,311.5,312
1684458866557205851,309.5,309,308.5,308,307.5,310,310.5,311,311.5,312
1684458866557345874,309.5,309,308.5,308,307.5,310,310.5,311,311.5,312
1684458866860148630,309.5,309,308.5,308,307.5,310,310.5,311,311.5,312
1684458867367035460,309.5,309,308.5,308,307.5,310,310.5,311,311.5,312
1684458867367070777,309.5,309,308.5,308,307.5,310,310.5,311,311.5,312
1684458867367070777,309.5,309,308.5,308,307.5,310,310.5,311,311.5,312
1684458867957773638,309.5,309,308.5,308,307.5,310,310.5,311,311.5,312
1684458867979337015,309.5,309,308.5,308,307.5,310,310.5,311,311.5,312
1684458868034853822,309.5,309,308.5,308,307.5,310,310.5,311,311.5,312
1684458868332531625,309.5,309,308.5,308,307.5,310,310.5,311,311.5,312
1684458868569456320,309.5,309,308.5,308,307.5,310,310.5,311,311.5,312
1684458868647063684,309.5,309,308.5,308,307.5,310,310.5,311,311.5,312
1684458868692246208,309.5,309,308.5,308,307.5,310,310.5,311,311.5,312
1684458868692246208,309.5,309,308.5,308,307.5,310,310.5,311,311.5,312
1684458868772105400,309.5,309,308.5,308,307.5,310,310.5,311,311.5,312
1684458869390634177,309.5,309,308.5,308,307.5,310,310.5,311,311.5,312
1684458869772898428,309.5,309,308.5,308,307.5,310,310.5,311,311.5,312
1684458870204752849,309.5,309,308.5,308,307.5,310,310.5,311,311.5,312
1684458870534175956,309.5,309,308.5,308,307.5,310,310.5,311,311.5,312
1684458870990647498,309.5,309,308.5,308,307.5,310,310.5,311,311.5,312
1684458871165026288,309.5,309,308.5,308,307.5,310,310.5,311,311.5,312
1684458871931874936,309.5,309,308.5,308,307.5,310,310.5,311,311.5,312
1684458873143298630,309.5,309,308.5,308,307.5,310,310.5,311,311.5,312
1684458873418132061,309.5,309,308.5,308,307.5,310,310.5,311,311.5,312
1684458874090834373,309.5,309,308.5,308,307.5,310,310.5,311,311.5,312
1684458874338086919,309.5,309,308.5,308,307.5,310,310.5,311,311.5,312
1684458874443731866,309,308.5,308,307.5,307,310,310.5,311,311.5,312
1684458874480055135,309,308.5,308,307.5,307,310,310.5,311,311.5,312
1684458874502261941,309,308.5,308,307.5,307,310,310.5,311,311.5,312
1684458875508477780,309,308.5,308,307.5,307,310,310.5,311,311.5,312
1684458875531851987,309,308.5,308,307.5,307,310,310.5,311,311.5,312
1684458876045407819,309,308.5,308,307.5,307,310,310.5,311,311.5,312
1684458876454897878,309.5,309,308.5,308,307.5,310,310.5,311,311.5,312
1684458876499132082,309.5,309,308.5,308,307.5,310,310.5,311,311.5,312
1684458876499453295,309.5,309,308.5,308,307.5,310,310.5,311,311.5,312
1684458876803263773,309.5,309,308.5,308,307.5,310,310.5,311,311.5,312
1684458876837309707,309.5,309,308.5,308,307.5,310,310.5,311,311.5,312
1684458877913212389,309.5,309,308.5,308,307.5,310,310.5,311,311.5,312
1684458878801048801,309.5,309,308.5,308,307.5,310,310.5,311,311.5,312
1684458878909270807,309.5,309,308.5,308,307.5,310,310.5,311,311.5,312
1684458878982313751,309.5,309,308.5,308,307.5,310,310.5,311,311.5,312
1684458880706620642,309.5,309,308.5,308,307.5,310,310.5,311,311.5,312
1684458880727539018,309.5,309,308.5,308,307.5,310,310.5,311,311.5,312
1684458880805051304,309.5,309,308.5,308,307.5,310,310.5,311,311.5,312
1684458880952486605,309.5,309,308.5,308,307.5,310,310.5,311,311.5,312
1684458881081472236,309.5,309,308.5,308,307.5,310,310.5,311,311.5,312
1684458881337051406,309.5,309,308.5,308,307.5,310,310.5,311,311.5,312
1684458881448077296,309.5,309,308.5,308,307.5,310,310.5,311,311.5,312
1684458882656556601,309.5,309,308.5,308,307.5,310,310.5,311,311.5,312
1684458883711242516,309.5,309,308.5,308,307.5,310,310.5,311,311.5,312
1684458885427992389,309.5,309,308.5,308,307.5,310,310.5,311,311.5,312
1684458886301899368,309.5,309,308.5,308,307.5,310,310.5,311,311.5,312
1684458887285049650,309.5,309,308.5,308,307.5,310,310.5,311,311.5,312
1684458889276853448,309.5,309,308.5,308,307.5,310,310.5,311,311.5,312
1684458890075735272,309.5,309,308.5,308,307.5,310,310.5,311,311.5,312
1684458890218680222,309.5,309,308.5,308,307.5,310,310.5,311,311.5,312
1684458890617130023,309.5,309,308.5,308,307.5,310,310.5,311,311.5,312
1684458891401291397,309,308.5,308,307.5,307,310,310.5,311,311.5,312
1684458891469623807,309,308.5,308,307.5,307,310,310.5,311,311.5,312
1684458891503824491,309,308.5,308,307.5,307,310,310.5,311,311.5,312
1684458892553539984,309,308.5,308,307.5,307,310,310.5,311,311.5,312
1684458893101280610,309,308.5,308,307.5,307,310,310.5,311,311.5,312
1684458893814221022,309,308.5,308,307.5,307,310,310.5,311,311.5,312
1684458894200192053,309,308.5,308,307.5,307,310,310.5,311,311.5,312
1684458896577956041,309,308.5,308,307.5,307,310,310.5,311,311.5,312
1684458896758763682,309,308.5,308,307.5,307,310,310.5,311,311.5,312
1684458896889194827,309,308.5,308,307.5,307,310,310.5,311,311.5,312
1684458896958738019,309,308.5,308,307.5,307,310,310.5,311,311.5,312
1684458896999797131,309,308.5,308,307.5,307,310,310.5,311,311.5,312
1684458897073480948,309,308.5,308,307.5,307,310,310.5,311,311.5,312
1684458898335186018,309,308.5,308,307.5,307,310,310.5,311,311.5,312
1684458898928133123,309,308.5,308,307.5,307,310,310.5,311,311.5,312
1684458900775551756,309,308.5,308,307.5,307,310,310.5,311,311.5,312
1684458901285247470,309,308.5,308,307.5,307,310,310.5,311,311.5,312
1684458902181317251,309,308.5,308,307.5,307,310,310.5,311,311.5,312
1684458902203267053,309,308.5,308,307.5,307,310,310.5,311,311.5,312
1684458902226482793,309,308.5,308,307.5,307,310,310.5,311,311.5,312
1684458902459834429,309,308.5,308,307.5,307,310,310.5,311,311.5,312
1684458902800931315,309,308.5,308,307.5,307,310,310.5,311,311.5,312
1684458902813151700,309,308.5,308,307.5,307,310,310.5,311,311.5,312
1684458902848235322,309,308.5,308,307.5,307,309.5,310,310.5,311,311.5
1684458902918122531,309,308.5,308,307.5,307,309.5,310,310.5,311,311.5
1684458902929739883,309,308.5,308,307.5,307,309.5,310,310.5,311,311.5
1684458902929739883,309,308.5,308,307.5,307,309.5,310,310.5,311,311.5
1684458903146955152,309,308.5,308,307.5,307,309.5,310,310.5,311,311.5
1684458903769743446,309,308.5,308,307.5,307,309.5,310,310.5,311,311.5
1684458903922157565,309,308.5,308,307.5,307,309.5,310,310.5,311,311.5
1684458903922157565,309,308.5,308,307.5,307,309.5,310,310.5,311,311.5
1684458903975635334,309,308.5,308,307.5,307,309.5,310,310.5,311,311.5
1684458904629583773,309,308.5,308,307.5,307,309.5,310,310.5,311,311.5
1684458905266616302,309,308.5,308,307.5,307,309.5,310,310.5,311,311.5
1684458905447479116,309,308.5,308,307.5,307,310,310.5,311,311.5,312
1684458905513316300,309,308.5,308,307.5,307,310,310.5,311,311.5,312
1684458905543682074,309,308.5,308,307.5,307,310,310.5,311,311.5,312
1684458905621220359,309,308.5,308,307.5,307,310,310.5,311,311.5,312
1684458905923955588,309,308.5,308,307.5,307,310,310.5,311,311.5,312
1684458906228111214,309,308.5,308,307.5,307,310,310.5,311,311.5,312
1684458906903978197,309,308.5,308,307.5,307,310,310.5,311,311.5,312
1684458908443270138,309,308.5,308,307.5,307,310,310.5,311,311.5,312
1684458908451254178,309,308.5,308,307.5,307,310,310.5,311,311.5,312
1684458909134381093,309,308.5,308,307.5,307,310,310.5,311,311.5,312
1684458910115403519,309,308.5,308,307.5,307,309.5,310,310.5,311,311.5
1684458910146505886,309,308.5,308,307.5,307,309.5,310,310.5,311,311.5
1684458910146505886,309,308.5,308,307.5,307,310,310.5,311,311.5,312
1684458910186913645,309,308.5,308,307.5,307,310,310.5,311,311.5,312
1684458910186913645,309,308.5,308,307.5,307,309.5,310,310.5,311,311.5
1684458910211329808,309,308.5,308,307.5,307,310,310.5,311,311.5,312
1684458910211329808,309,308.5,308,307.5,307,310,310.5,311,311.5,312
1684458910211399829,309,308.5,308,307.5,307,310,310.5,311,311.5,312
1684458910211399829,309.5,309,308.5,308,307.5,310,310.5,311,311.5,312
1684458910240805711,309.5,309,308.5,308,307.5,310,310.5,311,311.5,312
1684458910906163533,309.5,309,308.5,308,307.5,310,310.5,311,311.5,312
1684458910936586885,309,308.5,308,307.5,307,310,310.5,311,311.5,312
1684458911160813027,309,308.5,308,307.5,307,310,310.5,311,311.5,312
1684458911191484024,309,308.5,308,307.5,307,310,310.5,311,311.5,312
1684458911880701293,309,308.5,308,307.5,307,310,310.5,311,311.5,312
1684458912288970411,309,308.5,308,307.5,307,310,310.5,311,311.5,312
1684458912772585105,309.5,309,308.5,308,307.5,310,310.5,311,311.5,312
1684458912803382720,309.5,309,308.5,308,307.5,310,310.5,311,311.5,312
1684458912952812125,309.5,309,308.5,308,307.5,310,310.5,311,311.5,312
1684458913253877890,309.5,309,308.5,308,307.5,310,310.5,311,311.5,312
1684458913284588792,309.5,309,308.5,308,307.5,310,310.5,311,311.5,312
1684458914046585811,309.5,309,308.5,308,307.5,310,310.5,311,311.5,312
1684458916599624490,309.5,309,308.5,308,307.5,310,310.5,311,311.5,312
1684458917618499448,309.5,309,308.5,308,307.5,310,310.5,311,311.5,312
1684458918762086892,309.5,309,308.5,308,307.5,310,310.5,311,311.5,312
1684458921187296713,309.5,309,308.5,308,307.5,310,310.5,311,311.5,312
1684458921321281179,309.5,309,308.5,308,307.5,310,310.5,311,311.5,312
1684458921354949164,309.5,309,308.5,308,307.5,310.5,311,311.5,312,312.5
1684458921387227008,309.5,309,308.5,308,307.5,310.5,311,311.5,312,312.5
1684458921387227008,309.5,309,308.5,308,307.5,310.5,311,311.5,312,312.5
1684458921420610277,309.5,309,308.5,308,307.5,310.5,311,311.5,312,312.5
1684458921432694386,309.5,309,308.5,308,307.5,310.5,311,311.5,312,312.5
