Timestamp,BidPrice0,BidPrice1,BidPrice2,BidPrice3,BidPrice4,AskPrice0,AskPrice1,AskPrice2,AskPrice3,AskPrice4
1683066602775173095,0,0,0,0,0,0,0,0,0,0
1683073822830618124,310,309.5,304,303,302,317,318,320,323,325
1683073827844301324,314,310,309.5,304,303,317,318,320,323,325
1683073832870110311,315,314,310.5,310,309.5,317,318,320,322,323
1683073837875412515,315,314.5,314,312.5,310.5,317,318,320,322,323
1683073842893225047,315,314.5,314,312.5,310.5,317,318,320,321.5,322
1683073847910853935,315,314.5,314,312.5,310.5,317,318,320,320.5,321.5
1683073852926373261,315,314.5,314,313,312.5,317,318,320,320.5,321.5
1683073878004405499,315,314.5,314,313,312.5,317,318,320,320.5,321
1683073883015964328,315,314.5,314,313,312.5,317,318,320,320.5,321
1683073888023387171,315,314.5,314,313,312.5,317,318,320,320.5,321
1683073893032858842,315,314.5,314,313,312.5,316.5,317,318,320,320.5
1683073898064909475,315,314.5,314,313,312.5,316.5,317,318,320,320.5
1683073908102097611,315,314.5,314,313,312.5,316.5,317,318,320,320.5
1683073913117797083,315,314.5,314,313,312.5,316.5,317,318,320,320.5
1683073923136679427,315,314.5,314,313,312.5,316.5,317,318,320,320.5
1683073938193732393,315,314.5,314,313,312.5,316.5,318,320,320.5,321
1683073968287351917,317,315,314.5,314,313,321,321.5,322,322.5,323
1683073973300932379,317,315,314.5,314,313,321,321.5,322,322.5,323
1683073978310289180,317,315,314.5,314,313,320,320.5,321,321.5,322
1683074013425771928,315,314.5,314,313,312.5,316,316.5,318,320,320.5
1683074038505795237,312.5,312,311.5,311,310.5,316,316.5,318,320,320.5
1683074043533683451,315,314.5,314,313,312.5,316,316.5,318,320,320.5
1683074098703281378,315,314.5,314,313,312.5,316,316.5,318,320,320.5
1683074173935385104,315,314.5,314,313,312.5,316,316.5,318,320,320.5
1683074178950983028,315,314.5,314,313,312.5,316,316.5,318,320,320.5
1683074183991075030,317,315,314.5,314,313,320.5,321,321.5,322,322.5
1683074188996596394,317,315,314.5,314,313,320,320.5,321,321.5,322
1683074199025716392,317,315,314.5,314,313,320,320.5,321,321.5,322
1683074214074593651,317,315,314.5,314,313,320,320.5,321,321.5,322
1683074219086186974,317,315,314.5,314,313,320,320.5,321,321.5,322
1683074229134714378,317,315,314.5,314,313,320.5,321,321.5,322,322.5
1683074234144217036,317,315,314.5,314,313,320.5,321,321.5,322,322.5
1683074239159736480,317,315,314.5,314,313,320,320.5,321,321.5,322
1683074244167231597,317,315,314.5,314,313,320.5,321,321.5,322,322.5
1683074254208590371,317,315,314.5,314,313,320.5,321,321.5,322,322.5
1683074259218106423,317,315,314.5,314,313,320.5,321,321.5,322,322.5
1683074269265693880,317,315,314.5,314,313,320,320.5,321,321.5,322
1683074274266952568,317,315,314.5,314,313.5,320.5,321,321.5,322,322.5
1683074294337568559,317,315,314.5,314,313.5,320,320.5,321,321.5,322
1683074299346934387,317,315,314.5,314,313.5,320.5,321,321.5,322,322.5
1683074334458342393,317,315,314.5,314,313.5,320,320.5,321,321.5,322
1683074339475985381,317,315,314.5,314,313.5,320.5,321,321.5,322,322.5
1683074344493677962,317,315,314.5,314,313.5,320,320.5,321,321.5,322
1683074364570307505,317,315,314.5,314,313.5,320,320.5,321,321.5,322
1683074369567587760,317,315,314.5,314,313.5,320,320.5,321,321.5,322
1683074410503320303,317,315,314.5,314,313.5,320,320.5,321,321.5,322
1683074425560545797,317,315,314.5,314,313.5,320,320.5,321,321.5,322
1683074455643880418,317,315,314.5,314,313.5,320,320.5,321,321.5,322
1683074520862213302,317,315,314.5,314,313.5,320,320.5,321,321.5,322
1683074560997224042,317,315,314.5,314,313.5,320,320.5,321,321.5,322
1683074565996411162,317,315,314.5,314,313.5,320,320.5,321,321.5,322
1683074576031733192,317,315,314.5,314,313.5,320,320.5,321,321.5,322
1683074581053572241,317,315,314.5,314,313.5,320,320.5,321,321.5,322
1683074636231424306,317,315,314.5,314,313.5,320,320.5,321,321.5,322
1683074686397656806,315,314.5,314,313.5,313,316,316.5,317,318,319.5
1683074746570583892,315,314.5,314,313.5,313,316,316.5,317,318,319.5
1683074761615385991,315,314.5,314,313.5,313,316,316.5,317,318,319.5
1683074791717192657,315,314.5,314,313.5,313,316,316.5,317,318,319.5
1683074796740907582,315,314.5,314,313.5,313,316,316.5,317,318,319.5
1683074801756587652,315,314.5,314,313.5,313,316,316.5,317,318,319.5
1683074836855592017,315,314.5,314,313.5,313,316,316.5,317,318,319
1683074892039647051,315,314.5,314,313.5,313,316,316.5,317,318,319
1683074902072809569,315,314.5,314,313.5,313,316,316.5,317,318,319
1683074912105992434,315,314.5,314,313.5,313,316,316.5,317,318,319
1683074947217382945,315,314.5,314,313.5,313,316,316.5,317,318,319
1683075003001478048,315,314.5,314,313.5,313,316,316.5,317,318,319
1683075023059737778,315,314.5,314,313.5,313,316,316.5,317,318,319
1683075033091008336,315,314.5,314,313.5,313,316,316.5,317,318,319
1683075038110616244,315,314.5,314,313.5,313,316,316.5,317,318,319
1683075048148029304,315,314.5,314,313.5,313,316,316.5,317,318,319
1683075053173870776,315,314.5,314,313.5,313,316.5,317,318,319,319.5
1683075068194162583,315,314.5,314,313.5,313,316,316.5,317,318,319
1683075093272023805,315,314.5,314,313.5,313,316.5,317,318,319,319.5
1683075123368799441,315,314.5,314,313.5,313,316.5,317,318,319,319.5
1683075163495767280,316,315,314.5,314,313.5,316.5,317,318,319,319.5
1683075173526910799,316,315,314.5,314,313.5,316.5,317,318,319,319.5
1683075178534319668,317,316,315,314.5,314,318,319,319.5,320,320.5
1683075188581921940,317,316,315,314.5,314,318,319,319.5,320,320.5
1683075193605788349,317,316,315,314.5,314,318,319,319.5,320,320.5
1683075253784839947,317,316,315,314.5,314,318,319,319.5,320,320.5
1683075258802472155,317,316.5,316,315,314.5,318,319,319.5,320,320.5
1683075263818086134,318,317,316.5,316,315,319,319.5,320,320.5,321
1683075283888648322,316.5,316,315,314.5,314,317,318,319,319.5,320
1683075298937513211,316.5,316,315,314.5,314,317,318,319,319.5,320
1683075308966816741,316.5,316,315,314.5,314,317,318,319,319.5,320
1683075319004100444,316.5,316,315.5,315,314.5,317,318,319,319.5,320
1683075334042698664,316.5,316,315.5,315,314.5,317,318,319,319.5,320
1683075339060329123,316.5,316,315,314.5,314,317,318,319,319.5,320
1683075389216389789,316.5,316,315,314.5,314,317,318,319,319.5,320
1683075399243524416,316.5,316,315,314.5,314,317,318,319,319.5,320
1683075409284929066,316,315,314.5,314,313.5,317,318,319,319.5,320
1683075429336176232,316.5,316,315,314.5,314,317,318,319,319.5,320
1683075434362001171,316.5,316,315,314.5,314,317,318,319,319.5,320
1683075444401360594,316,315,314.5,314,313.5,317,318,319,319.5,320
1683075479509626865,316,315,314.5,314,313.5,317,318,319,319.5,320
1683075489549083476,316,315,314.5,314,313.5,317,318,319,319.5,320
1683075494562536440,316,315,314.5,314,313.5,317,318,319,319.5,320
1683075514623944811,316,315,314.5,314,313.5,317,318,319,319.5,320
1683075519637494438,316,315,314.5,314,313.5,317,318,319,319.5,320
1683075524669521616,316.5,316,315,314.5,314,317,318,318.5,319,319.5
1683075554767281832,316.5,316,315,314.5,314,317,318,318.5,319,319.5
1683075564793418933,316.5,316,315,314.5,314,317,318,318.5,319,319.5
1683075569806917317,316.5,316,315,314.5,314,317,318,318.5,319,319.5
1683075575021218332,316.5,316,315,314.5,314,317,318,318.5,319,319.5
1683075585453772954,316.5,316,315,314.5,314,317,318,318.5,319,319.5
1683075590678313514,316.5,316,315,314.5,314,317,318,318.5,319,319.5
1683075595687842436,316.5,316,315,314.5,314,317,318,318.5,319,319.5
1683075602720759378,317,316.5,316,315,314.5,318,318.5,319,319.5,320
1683075602752553781,317,316.5,316,315,314.5,318,318.5,319,319.5,320
1683075603059599041,317,316.5,316,315,314.5,318,318.5,319,319.5,320
1683075604292597694,317,316.5,316,315,314.5,318,318.5,319,319.5,320
1683075605141623478,317,316.5,316,315,314.5,318,318.5,319,319.5,320
1683075605974053574,317,316.5,316,315,314.5,318,318.5,319,319.5,320
1683075608166123079,317,316.5,316,315,314.5,318,318.5,319,319.5,320
1683075609042303205,317,316.5,316,315,314.5,318,318.5,319,319.5,320
1683075609757479670,317,316.5,316,315,314.5,318,318.5,319,319.5,320
1683075612224846950,317,316.5,316,315,314.5,318,318.5,319,319.5,320
1683075612963433407,317,316.5,316,315,314.5,318,318.5,319,319.5,320
1683075614231666803,317,316.5,316,315,314.5,318,318.5,319,319.5,320
1683075615098196901,317.5,317,316.5,316,315,318,318.5,319,319.5,320
1683075615140257148,317.5,317,316.5,316,315,318,318.5,319,319.5,320
1683075615140257148,317,316.5,316,315,314.5,318,318.5,319,319.5,320
1683075616009901483,317,316.5,316,315,314.5,318,318.5,319,319.5,320
1683075616043169353,317,316.5,316,315,314.5,318,318.5,319,319.5,320
1683075618018948588,317,316.5,316,315,314.5,318,318.5,319,319.5,320
1683075618345194025,317,316.5,316,315,314.5,318,318.5,319,319.5,320
1683075618882055810,317,316.5,316,315,314.5,318,318.5,319,319.5,320
1683075621524837706,317,316.5,316,315,314.5,318,318.5,319,319.5,320
1683075622433186588,317,316.5,316,315,314.5,318,318.5,319,319.5,320
1683075623407084747,317,316.5,316,315,314.5,318,318.5,319,319.5,320
1683075623451236040,317,316.5,316,315,314.5,318,318.5,319,319.5,320
1683075623834832172,317,316.5,316,315,314.5,318,318.5,319,319.5,320
1683075625075928108,317,316.5,316,315,314.5,318,318.5,319,319.5,320
1683075626341845325,316.5,316,315,314.5,314,317,318,318.5,319,319.5
1683075629585668892,316.5,316,315,314.5,314,317,318,318.5,319,319.5
1683075629616878978,316.5,316,315,314.5,314,317,318,318.5,319,319.5
1683075630885110060,316.5,316,315,314.5,314,317,318,318.5,319,319.5
1683075630916054798,316.5,316,315,314.5,314,317,318,318.5,319,319.5
1683075630936556199,316.5,316,315,314.5,314,318,318.5,319,319.5,320
1683075630978433743,316.5,316,315,314.5,314,317.5,318,318.5,319,319.5
1683075632114884641,317,316.5,316,315,314.5,317.5,318,318.5,319,319.5
1683075632134538270,317,316.5,316,315,314.5,317.5,318,318.5,319,319.5
1683075633998466037,317,316.5,316,315,314.5,317.5,318,318.5,319,319.5
1683075634108104560,317.5,317,316.5,316,315,318,318.5,319,319.5,320
1683075634138630502,317.5,317,316.5,316,315,318,318.5,319,319.5,320
1683075634331912074,317.5,317,316.5,316,315,318,318.5,319,319.5,320
1683075634414121971,317.5,317,316.5,316,315,318,318.5,319,319.5,320
1683075634436484365,317.5,317,316.5,316,315,318,318.5,319,319.5,320
1683075634456863356,317,316.5,316,315,314.5,318,318.5,319,319.5,320
1683075634488622864,317,316.5,316,315,314.5,317.5,318,318.5,319,319.5
1683075636038736593,317,316.5,316,315,314.5,317.5,318,318.5,319,319.5
1683075637803284578,317,316.5,316,315,314.5,317.5,318,318.5,319,319.5
1683075638623528906,317,316.5,316,315,314.5,317.5,318,318.5,319,319.5
1683075641538135436,317,316.5,316,315,314.5,318,318.5,319,319.5,320
1683075641571582242,317,316.5,316,315,314.5,318,318.5,319,319.5,320
1683075641602558739,317.5,317,316.5,316,315,318,318.5,319,319.5,320
1683075641635216754,317.5,317,316.5,316,315,318,318.5,319,319.5,320
1683075641635216754,317,316.5,316,315,314.5,318,318.5,319,319.5,320
1683075641763289898,317,316.5,316,315,314.5,318,318.5,319,319.5,320
1683075641794213406,317,316.5,316,315,314.5,318,318.5,319,319.5,320
1683075641943928272,317,316.5,316,315,314.5,318,318.5,319,319.5,320
1683075642054221825,317,316.5,316,315,314.5,318,318.5,319,319.5,320
1683075642955515191,317.5,317,316.5,316,315,318,318.5,319,319.5,320
1683075642988316985,317.5,317,316.5,316,315,318,318.5,319,319.5,320
1683075642988316985,317,316.5,316,315,314.5,318,318.5,319,319.5,320
1683075643648368155,317,316.5,316,315,314.5,318,318.5,319,319.5,320
1683075643681297860,317,316.5,316,315,314.5,318,318.5,319,319.5,320
1683075643681322967,317,316.5,316,315,314.5,318,318.5,319,319.5,320
1683075645467282120,317,316.5,316,315,314.5,318,318.5,319,319.5,320
1683075645767865297,317,316.5,316,315,314.5,318,318.5,319,319.5,320
1683075646343563596,317.5,317,316.5,316,315,318,318.5,319,319.5,320
1683075646374214262,317.5,317,316.5,316,315,318,318.5,319,319.5,320
1683075646470828343,317.5,317,316.5,316,315,318,318.5,319,319.5,320
1683075651004808547,317.5,317,316.5,316,315,318,318.5,319,319.5,320
1683075651015107182,317.5,317,316.5,316,315,318,318.5,319,319.5,320
1683075651147765926,317.5,317,316.5,316,315,318,318.5,319,319.5,320
1683075651147910297,317.5,317,316.5,316,315,318,318.5,319,319.5,320
1683075651148041683,317.5,317,316.5,316,315,318,318.5,319,319.5,320
1683075651376965933,317.5,317,316.5,316,315,318,318.5,319,319.5,320
1683075651522417354,317.5,317,316.5,316,315,318,318.5,319,319.5,320
1683075654727251811,317.5,317,316.5,316,315,318,318.5,319,319.5,320
1683075654857250230,317.5,317,316.5,316,315,318,318.5,319,319.5,320
1683075654961436056,317.5,317,316.5,316,315.5,318,318.5,319,319.5,320
1683075655361222495,317.5,317,316.5,316,315.5,318,318.5,319,319.5,320
1683075657069238712,317.5,317,316.5,316,315.5,318,318.5,319,319.5,320
1683075657090913607,317.5,317,316.5,316,315.5,318,318.5,319,319.5,320
1683075658651322034,317.5,317,316.5,316,315.5,318,318.5,319,319.5,320
1683075660537771486,317.5,317,316.5,316,315.5,318,318.5,319,319.5,320
1683075660718196439,317,316.5,316,315.5,315,318,318.5,319,319.5,320
1683075660750877427,317,316.5,316,315.5,315,318,318.5,319,319.5,320
1683075660785480103,317,316.5,316,315.5,315,318,318.5,319,319.5,320
1683075662238329000,317,316.5,316,315.5,315,318,318.5,319,319.5,320
1683075662798610986,317,316.5,316,315.5,315,318,318.5,319,319.5,320
1683075662798610986,317,316.5,316,315.5,315,318,318.5,319,319.5,320
1683075662798750808,317,316.5,316,315.5,315,318,318.5,319,319.5,320
1683075662932521960,317,316.5,316,315.5,315,318,318.5,319,319.5,320
1683075663187902391,317,316.5,316,315.5,315,318,318.5,319,319.5,320
1683075663218236111,317,316.5,316,315.5,315,318,318.5,319,319.5,320
1683075663357591007,317,316.5,316,315.5,315,318,318.5,319,319.5,320
1683075663523394639,317.5,317,316.5,316,315.5,318,318.5,319,319.5,320
1683075663557216489,317.5,317,316.5,316,315.5,318,318.5,319,319.5,320
1683075663557355830,317.5,317,316.5,316,315.5,318,318.5,319,319.5,320
1683075667551030996,317.5,317,316.5,316,315.5,318,318.5,319,319.5,320
1683075667583719477,317,316.5,316,315.5,315,318,318.5,319,319.5,320
1683075667917598727,317,316.5,316,315.5,315,318,318.5,319,319.5,320
1683075667950251482,317,316.5,316,315.5,315,318,318.5,319,319.5,320
1683075668703116257,317,316.5,316,315.5,315,317.5,318,318.5,319,319.5
1683075668737634825,317,316.5,316,315.5,315,317.5,318,318.5,319,319.5
1683075670774685948,317,316.5,316,315.5,315,317.5,318,318.5,319,319.5
1683075674699593865,317,316.5,316,315.5,315,317.5,318,318.5,319,319.5
1683075675807082367,317,316.5,316,315.5,315,317.5,318,318.5,319,319.5
1683075678164752905,317,316.5,316,315.5,315,317.5,318,318.5,319,319.5
1683075678185255498,317,316.5,316,315.5,315,317.5,318,318.5,319,319.5
1683075678801918898,317,316.5,316,315.5,315,317.5,318,318.5,319,319.5
1683075678834911140,317,316.5,316,315.5,315,317.5,318,318.5,319,319.5
1683075679075366940,317,316.5,316,315.5,315,317.5,318,318.5,319,319.5
1683075680282890345,317,316.5,316,315.5,315,317.5,318,318.5,319,319.5
1683075680327871977,317,316.5,316,315.5,315,317.5,318,318.5,319,319.5
1683075680362482658,317,316.5,316,315.5,315,317.5,318,318.5,319,319.5
1683075680666992948,317,316.5,316,315.5,315,317.5,318,318.5,319,319.5
1683075680698159292,317,316.5,316,315.5,315,317.5,318,318.5,319,319.5
1683075680733183760,317,316.5,316,315.5,315,317.5,318,318.5,319,319.5
1683075680967433838,317,316.5,316,315.5,315,317.5,318,318.5,319,319.5
1683075681830822830,317,316.5,316,315.5,315,317.5,318,318.5,319,319.5
1683075682596011733,317,316.5,316,315.5,315,317.5,318,318.5,319,319.5
1683075685148655378,317,316.5,316,315.5,315,317.5,318,318.5,319,319.5
1683075689626644793,317,316.5,316,315.5,315,317.5,318,318.5,319,319.5
1683075690726571217,317,316.5,316,315.5,315,317.5,318,318.5,319,319.5
1683075691167904650,317,316.5,316,315.5,315,317.5,318,318.5,319,319.5
1683075691325411495,317,316.5,316,315.5,315,317.5,318,318.5,319,319.5
1683075691359386553,317,316.5,316,315.5,315,317.5,318,318.5,319,319.5
1683075691472384473,317,316.5,316,315.5,315,317.5,318,318.5,319,319.5
1683075692336115156,317,316.5,316,315.5,315,317.5,318,318.5,319,319.5
1683075692535335367,317,316.5,316,315.5,315,317.5,318,318.5,319,319.5
1683075693616991771,317,316.5,316,315.5,315,317.5,318,318.5,319,319.5
1683075694203124871,317,316.5,316,315.5,315,317.5,318,318.5,319,319.5
1683075694235852186,317,316.5,316,315.5,315,317.5,318,318.5,319,319.5
1683075694270675025,316.5,316,315.5,315,314.5,317.5,318,318.5,319,319.5
1683075694303666115,316.5,316,315.5,315,314.5,317.5,318,318.5,319,319.5
1683075694303666115,316.5,316,315.5,315,314.5,317.5,318,318.5,319,319.5
1683075694303700089,316.5,316,315.5,315,314.5,317.5,318,318.5,319,319.5
1683075694316193515,316.5,316,315.5,315,314.5,317.5,318,318.5,319,319.5
1683075694337917130,316.5,316,315.5,315,314.5,317.5,318,318.5,319,319.5
1683075694360669537,316.5,316,315.5,315,314.5,317.5,318,318.5,319,319.5
1683075695749180122,316.5,316,315.5,315,314.5,317,317.5,318,318.5,319
1683075695784064947,316.5,316,315.5,315,314.5,317,317.5,318,318.5,319
1683075695784220309,316.5,316,315.5,315,314.5,317.5,318,318.5,319,319.5
1683075695784220309,317,316.5,316,315.5,315,317.5,318,318.5,319,319.5
1683075695816772625,317,316.5,316,315.5,315,317.5,318,318.5,319,319.5
1683075695816882421,317,316.5,316,315.5,315,317.5,318,318.5,319,319.5
1683075695837120738,317,316.5,316,315.5,315,317.5,318,318.5,319,319.5
1683075695849467719,317,316.5,316,315.5,315,317.5,318,318.5,319,319.5
1683075696038090394,317,316.5,316,315.5,315,318,318.5,319,319.5,320
1683075696038090394,317.5,317,316.5,316,315.5,318,318.5,319,319.5,320
1683075696071833435,317.5,317,316.5,316,315.5,318,318.5,319,319.5,320
1683075696071941488,317.5,317,316.5,316,315.5,318,318.5,319,319.5,320
1683075696071995690,317.5,317,316.5,316,315.5,318,318.5,319,319.5,320
1683075696119742634,317.5,317,316.5,316,315.5,318,318.5,319,319.5,320
1683075698024550504,317.5,317,316.5,316,315.5,318,318.5,319,319.5,320
1683075699699110779,317.5,317,316.5,316,315.5,318,318.5,319,319.5,320
1683075699756282608,317,316.5,316,315.5,315,318,318.5,319,319.5,320
1683075699770311527,317,316.5,316,315.5,315,318,318.5,319,319.5,320
1683075699801395767,317,316.5,316,315.5,315,318,318.5,319,319.5,320
1683075700195779272,317,316.5,316,315.5,315,318,318.5,319,319.5,320
1683075702291506789,317,316.5,316,315.5,315,317.5,318,318.5,319,319.5
1683075702324249893,317,316.5,316,315.5,315,317.5,318,318.5,319,319.5
1683075703324096341,317,316.5,316,315.5,315,317.5,318,318.5,319,319.5
1683075703562325319,317,316.5,316,315.5,315,317.5,318,318.5,319,319.5
1683075704904373983,317,316.5,316,315.5,315,317.5,318,318.5,319,319.5
1683075705025480598,317,316.5,316,315.5,315,317.5,318,318.5,319,319.5
1683075707766168933,317,316.5,316,315.5,315,317.5,318,318.5,319,319.5
1683075707799998727,317,316.5,316,315.5,315,318,318.5,319,319.5,320
1683075707832473919,317,316.5,316,315.5,315,318,318.5,319,319.5,320
1683075707863757353,317,316.5,316,315.5,315,318,318.5,319,319.5,320
1683075710262396629,317,316.5,316,315.5,315,318,318.5,319,319.5,320
1683075710585968197,317,316.5,316,315.5,315,318,318.5,319,319.5,320
1683075710825863093,317,316.5,316,315.5,315,318,318.5,319,319.5,320
1683075711894658621,317,316.5,316,315.5,315,318,318.5,319,319.5,320
1683075713876280988,317,316.5,316,315.5,315,318,318.5,319,319.5,320
1683075718730232253,317,316.5,316,315.5,315,318,318.5,319,319.5,320
1683075720751581507,317,316.5,316,315.5,315,317.5,318,318.5,319,319.5
1683075720784397448,317,316.5,316,315.5,315,317.5,318,318.5,319,319.5
1683075720864278042,317,316.5,316,315.5,315,318,318.5,319,319.5,320
1683075720897201756,317,316.5,316,315.5,315,318,318.5,319,319.5,320
1683075720929775923,317,316.5,316,315.5,315,318,318.5,319,319.5,320
1683075721209930827,317.5,317,316.5,316,315.5,318,318.5,319,319.5,320
1683075721244148069,317.5,317,316.5,316,315.5,318,318.5,319,319.5,320
1683075721244292750,317.5,317,316.5,316,315.5,318.5,319,319.5,320,320.5
1683075721244292750,317.5,317,316.5,316,315.5,318.5,319,319.5,320,320.5
1683075721254070157,317.5,317,316.5,316,315.5,318.5,319,319.5,320,320.5
1683075721277136203,317.5,317,316.5,316,315.5,318.5,319,319.5,320,320.5
1683075721277136203,317.5,317,316.5,316,315.5,318.5,319,319.5,320,320.5
1683075721289056684,317.5,317,316.5,316,315.5,318.5,319,319.5,320,320.5
1683075721289056684,317.5,317,316.5,316,315.5,318.5,319,319.5,320,320.5
1683075721623041903,318,317.5,317,316.5,316,318.5,319,319.5,320,320.5
1683075721653399348,318,317.5,317,316.5,316,318.5,319,319.5,320,320.5
1683075721653505958,318,317.5,317,316.5,316,318.5,319,319.5,320,320.5
1683075721663655644,318,317.5,317,316.5,316,318.5,319,319.5,320,320.5
1683075723581689736,318,317.5,317,316.5,316,318.5,319,319.5,320,320.5
1683075725856120975,318,317.5,317,316.5,316,318.5,319,319.5,320,320.5
1683075727160149868,318,317.5,317,316.5,316,318.5,319,319.5,320,320.5
1683075729430847357,318,317.5,317,316.5,316,318.5,319,319.5,320,320.5
1683075730387980772,318,317.5,317,316.5,316,318.5,319,319.5,320,320.5
1683075732855124324,318,317.5,317,316.5,316,318.5,319,319.5,320,320.5
1683075733015178081,318,317.5,317,316.5,316,319,319.5,320,320.5,321
1683075733028016204,318.5,318,317.5,317,316.5,319,319.5,320,320.5,321
1683075733071728283,318.5,318,317.5,317,316.5,319,319.5,320,320.5,321
1683075733071728283,318.5,318,317.5,317,316.5,319,319.5,320,320.5,321
1683075734306073506,318.5,318,317.5,317,316.5,319,319.5,320,320.5,321
1683075735219656135,318.5,318,317.5,317,316.5,319,319.5,320,320.5,321
1683075735403870744,318.5,318,317.5,317,316.5,319,319.5,320,320.5,321
1683075735508808762,318,317.5,317,316.5,316,319,319.5,320,320.5,321
1683075735787409208,318,317.5,317,316.5,316,319,319.5,320,320.5,321
1683075735820175576,318,317.5,317,316.5,316,319,319.5,320,320.5,321
1683075736789329920,318.5,318,317.5,317,316.5,319,319.5,320,320.5,321
1683075736810183462,318.5,318,317.5,317,316.5,319,319.5,320,320.5,321
1683075737547294810,318.5,318,317.5,317,316.5,319,319.5,320,320.5,321
1683075738381015431,318.5,318,317.5,317,316.5,319,319.5,320,320.5,321
1683075738414883066,318.5,318,317.5,317,316.5,319,319.5,320,320.5,321
1683075739005240147,318.5,318,317.5,317,316.5,319,319.5,320,320.5,321
1683075739027299944,318.5,318,317.5,317,316.5,319.5,320,320.5,321,321.5
1683075739047515779,318.5,318,317.5,317,316.5,319.5,320,320.5,321,321.5
1683075739070209977,318.5,318,317.5,317,316.5,319.5,320,320.5,321,321.5
1683075739422763738,318.5,318,317.5,317,316.5,319.5,320,320.5,321,321.5
1683075739465088001,318.5,318,317.5,317,316.5,319,319.5,320,320.5,321
1683075739465088001,318.5,318,317.5,317,316.5,319,319.5,320,320.5,321
1683075739465088001,318.5,318,317.5,317,316.5,319,319.5,320,320.5,321
1683075739495882356,318.5,318,317.5,317,316.5,319,319.5,320,320.5,321
1683075739975313507,318.5,318,317.5,317,316.5,319,319.5,320,320.5,321
1683075740786012354,318.5,318,317.5,317,316.5,319,319.5,320,320.5,321
1683075740839060881,0,0,0,0,0,0,0,0,0,0
1683075740839060881,318.5,318,317.5,317,316.5,319.5,320,320.5,321,321.5
1683075740857782521,318.5,318,317.5,317,316.5,319.5,320,320.5,321,321.5
1683075740879643905,318.5,318,317.5,317,316.5,319.5,320,320.5,321,321.5
1683075741158872610,318.5,318,317.5,317,316.5,319.5,320,320.5,321,321.5
1683075741375710819,318.5,318,317.5,317,316.5,319.5,320,320.5,321,321.5
1683075741386177440,318.5,318,317.5,317,316.5,319,319.5,320,320.5,321
1683075741406595284,318.5,318,317.5,317,316.5,319,319.5,320,320.5,321
1683075741951612150,318.5,318,317.5,317,316.5,319.5,320,320.5,321,321.5
1683075741994427474,318.5,318,317.5,317,316.5,319.5,320,320.5,321,321.5
1683075742018094969,318.5,318,317.5,317,316.5,319.5,320,320.5,321,321.5
1683075742028164194,318.5,318,317.5,317,316.5,319.5,320,320.5,321,321.5
1683075742182022179,318.5,318,317.5,317,316.5,319.5,320,320.5,321,321.5
1683075742304144511,318.5,318,317.5,317,316.5,319.5,320,320.5,321,321.5
1683075742717123829,318.5,318,317.5,317,316.5,319.5,320,320.5,321,321.5
1683075743016577867,319,318.5,318,317.5,317,319.5,320,320.5,321,321.5
1683075743049380673,319,318.5,318,317.5,317,319.5,320,320.5,321,321.5
1683075743049489838,318.5,318,317.5,317,316.5,319.5,320,320.5,321,321.5
1683075743084704984,318.5,318,317.5,317,316.5,319.5,320,320.5,321,321.5
1683075743116832232,318.5,318,317.5,317,316.5,319.5,320,320.5,321,321.5
1683075744245556795,318.5,318,317.5,317,316.5,319.5,320,320.5,321,321.5
1683075744518572275,319,318.5,318,317.5,317,319.5,320,320.5,321,321.5
1683075744549733269,319,318.5,318,317.5,317,319.5,320,320.5,321,321.5
1683075744549733269,318.5,318,317.5,317,316.5,319.5,320,320.5,321,321.5
1683075745077793329,318.5,318,317.5,317,316.5,319.5,320,320.5,321,321.5
1683075745100469543,318.5,318,317.5,317,316.5,319.5,320,320.5,321,321.5
1683075745155656065,318.5,318,317.5,317,316.5,319.5,320,320.5,321,321.5
1683075745666734903,318.5,318,317.5,317,316.5,319.5,320,320.5,321,321.5
1683075745666734903,318.5,318,317.5,317,316.5,319.5,320,320.5,321,321.5
1683075745713899022,318.5,318,317.5,317,316.5,319.5,320,320.5,321,321.5
1683075745746424668,318.5,318,317.5,317,316.5,319.5,320,320.5,321,321.5
1683075745746424668,318.5,318,317.5,317,316.5,319.5,320,320.5,321,321.5
1683075746589144855,319,318.5,318,317.5,317,319.5,320,320.5,321,321.5
1683075746622053480,319,318.5,318,317.5,317,319.5,320,320.5,321,321.5
1683075747579622533,319,318.5,318,317.5,317,319.5,320,320.5,321,321.5
1683075749691867792,319,318.5,318,317.5,317,319.5,320,320.5,321,321.5
1683075749711315445,319,318.5,318,317.5,317,319.5,320,320.5,321,321.5
1683075750340053706,319,318.5,318,317.5,317,319.5,320,320.5,321,321.5
1683075751371339059,319,318.5,318,317.5,317,319.5,320,320.5,321,321.5
1683075751404215995,319,318.5,318,317.5,317,319.5,320,320.5,321,321.5
1683075752968014309,319,318.5,318,317.5,317,319.5,320,320.5,321,321.5
1683075753039550566,319,318.5,318,317.5,317,319.5,320,320.5,321,321.5
1683075753072147166,319,318.5,318,317.5,317,319.5,320,320.5,321,321.5
1683075753104888767,319,318.5,318,317.5,317,319.5,320,320.5,321,321.5
1683075754122220854,319,318.5,318,317.5,317,319.5,320,320.5,321,321.5
1683075754154965431,318.5,318,317.5,317,316.5,319.5,320,320.5,321,321.5
1683075754189700505,318.5,318,317.5,317,316.5,319.5,320,320.5,321,321.5
1683075754189700505,318.5,318,317.5,317,316.5,319.5,320,320.5,321,321.5
1683075754189700505,318.5,318,317.5,317,316.5,319.5,320,320.5,321,321.5
1683075754222308265,318.5,318,317.5,317,316.5,319.5,320,320.5,321,321.5
1683075754321475740,318.5,318,317.5,317,316.5,319.5,320,320.5,321,321.5
1683075754491435185,318.5,318,317.5,317,316.5,319.5,320,320.5,321,321.5
1683075754647125319,319,318.5,318,317.5,317,319.5,320,320.5,321,321.5
1683075754669690675,319,318.5,318,317.5,317,319.5,320,320.5,321,321.5
1683075754669706134,318.5,318,317.5,317,316.5,319.5,320,320.5,321,321.5
1683075754769196104,318.5,318,317.5,317,316.5,319.5,320,320.5,321,321.5
1683075754802691250,318.5,318,317.5,317,316.5,319.5,320,320.5,321,321.5
1683075755181559687,318.5,318,317.5,317,316.5,319.5,320,320.5,321,321.5
1683075756150396845,318.5,318,317.5,317,316.5,319.5,320,320.5,321,321.5
1683075758163529493,318.5,318,317.5,317,316.5,319.5,320,320.5,321,321.5
1683075758544613339,318.5,318,317.5,317,316.5,319.5,320,320.5,321,321.5
1683075760223478027,318.5,318,317.5,317,316.5,319.5,320,320.5,321,321.5
1683075760695419736,318.5,318,317.5,317,316.5,319.5,320,320.5,321,321.5
1683075761552388906,318.5,318,317.5,317,316.5,319.5,320,320.5,321,321.5
1683075761909802250,319,318.5,318,317.5,317,319.5,320,320.5,321,321.5
1683075761943265246,319,318.5,318,317.5,317,319.5,320,320.5,321,321.5
1683075763308261143,319,318.5,318,317.5,317,319.5,320,320.5,321,321.5
1683075763653486275,319,318.5,318,317.5,317,319.5,320,320.5,321,321.5
1683075765217026114,319,318.5,318,317.5,317,319.5,320,320.5,321,321.5
1683075765723394809,319,318.5,318,317.5,317,319.5,320,320.5,321,321.5
1683075766279918579,319,318.5,318,317.5,317,319.5,320,320.5,321,321.5
1683075766300693063,319,318.5,318,317.5,317,319.5,320,320.5,321,321.5
1683075769571485317,319,318.5,318,317.5,317,319.5,320,320.5,321,321.5
1683075771428811072,319,318.5,318,317.5,317,319.5,320,320.5,321,321.5
1683075771871164990,319,318.5,318,317.5,317,319.5,320,320.5,321,321.5
1683075772010243828,319,318.5,318,317.5,317,319.5,320,320.5,321,321.5
1683075772368809155,319,318.5,318,317.5,317,319.5,320,320.5,321,321.5
1683075773243591729,319,318.5,318,317.5,317,319.5,320,320.5,321,321.5
1683075775025032321,319,318.5,318,317.5,317,319.5,320,320.5,321,321.5
1683075775686864355,319,318.5,318,317.5,317,319.5,320,320.5,321,321.5
1683075778096309461,319,318.5,318,317.5,317,319.5,320,320.5,321,321.5
1683075778285308902,319,318.5,318,317.5,317,319.5,320,320.5,321,321.5
1683075778473737112,319,318.5,318,317.5,317,319.5,320,320.5,321,321.5
1683075778872597343,319,318.5,318,317.5,317,319.5,320,320.5,321,321.5
1683075779070982907,319,318.5,318,317.5,317,319.5,320,320.5,321,321.5
1683075780019719056,319,318.5,318,317.5,317,319.5,320,320.5,321,321.5
1683075780219753997,319,318.5,318,317.5,317,319.5,320,320.5,321,321.5
1683075782318079303,319,318.5,318,317.5,317,319.5,320,320.5,321,321.5
1683075782652775036,319,318.5,318,317.5,317,319.5,320,320.5,321,321.5
1683075782780818414,319,318.5,318,317.5,317,320,320.5,321,321.5,322
1683075783322505088,319,318.5,318,317.5,317,320,320.5,321,321.5,322
1683075783357258557,319,318.5,318,317.5,317,320,320.5,321,321.5,322
1683075784039664438,319.5,319,318.5,318,317.5,320,320.5,321,321.5,322
1683075784083552537,319.5,319,318.5,318,317.5,320,320.5,321,321.5,322
1683075784083552537,319.5,319,318.5,318,317.5,320,320.5,321,321.5,322
1683075784083552537,319,318.5,318,317.5,317,320,320.5,321,321.5,322
1683075785134113190,319.5,319,318.5,318,317.5,320,320.5,321,321.5,322
1683075785158880740,319,318.5,318,317.5,317,320,320.5,321,321.5,322
1683075786838829314,319,318.5,318,317.5,317,320,320.5,321,321.5,322
1683075786871584971,319,318.5,318,317.5,317,320,320.5,321,321.5,322
1683075787131673712,319,318.5,318,317.5,317,320,320.5,321,321.5,322
1683075789752334270,319,318.5,318,317.5,317,319.5,320,320.5,321,321.5
1683075789785059270,319,318.5,318,317.5,317,319.5,320,320.5,321,321.5
1683075790141525257,319,318.5,318,317.5,317,319.5,320,320.5,321,321.5
1683075796456494853,319,318.5,318,317.5,317,319.5,320,320.5,321,321.5
1683075796532505761,319,318.5,318,317.5,317,319.5,320,320.5,321,321.5
1683075798100157059,319,318.5,318,317.5,317,319.5,320,320.5,321,321.5
1683075798358024259,319,318.5,318,317.5,317,319.5,320,320.5,321,321.5
1683075799193804697,319,318.5,318,317.5,317,319.5,320,320.5,321,321.5
1683075800705161183,319,318.5,318,317.5,317,319.5,320,320.5,321,321.5
1683075801898150222,319,318.5,318,317.5,317,319.5,320,320.5,321,321.5
1683075802472447972,319,318.5,318,317.5,317,319.5,320,320.5,321,321.5
1683075804632172895,319,318.5,318,317.5,317,319.5,320,320.5,321,321.5
1683075804683319672,319,318.5,318,317.5,317,319.5,320,320.5,321,321.5
1683075804683319672,319,318.5,318,317.5,317,319.5,320,320.5,321,321.5
1683075804683319672,319,318.5,318,317.5,317,319.5,320,320.5,321,321.5
1683075804714005063,318.5,318,317.5,317,316.5,319.5,320,320.5,321,321.5
1683075804714005063,318.5,318,317.5,317,316.5,319.5,320,320.5,321,321.5
1683075804744888746,318.5,318,317.5,317,316.5,319.5,320,320.5,321,321.5
1683075804744888746,318.5,318,317.5,317,316.5,319.5,320,320.5,321,321.5
1683075804744888746,318.5,318,317.5,317,316.5,319.5,320,320.5,321,321.5
1683075804744946004,318.5,318,317.5,317,316.5,319,319.5,320,320.5,321
1683075804780871333,318.5,318,317.5,317,316.5,319,319.5,320,320.5,321
1683075805599966234,318.5,318,317.5,317,316.5,319,319.5,320,320.5,321
1683075807142046744,318.5,318,317.5,317,316.5,319,319.5,320,320.5,321
1683075807807581400,318.5,318,317.5,317,316.5,319,319.5,320,320.5,321
1683075808303461122,318.5,318,317.5,317,316.5,319,319.5,320,320.5,321
1683075808328097015,318.5,318,317.5,317,316.5,319,319.5,320,320.5,321
1683075810195653298,318.5,318,317.5,317,316.5,319,319.5,320,320.5,321
1683075810465951306,318.5,318,317.5,317,316.5,319,319.5,320,320.5,321
1683075813320248693,318.5,318,317.5,317,316.5,319,319.5,320,320.5,321
1683075814130321465,318.5,318,317.5,317,316.5,319,319.5,320,320.5,321
1683075817413111436,318.5,318,317.5,317,316.5,319,319.5,320,320.5,321
1683075819994994161,318.5,318,317.5,317,316.5,319,319.5,320,320.5,321
1683075820606690696,318.5,318,317.5,317,316.5,319,319.5,320,320.5,321
1683075823589838517,318.5,318,317.5,317,316.5,319,319.5,320,320.5,321
1683075827398769706,318.5,318,317.5,317,316.5,319,319.5,320,320.5,321
1683075828101819025,318.5,318,317.5,317,316.5,319,319.5,320,320.5,321
1683075829743892639,318.5,318,317.5,317,316.5,319,319.5,320,320.5,321
1683075829784983887,318.5,318,317.5,317,316.5,319,319.5,320,320.5,321
1683075829795228682,318.5,318,317.5,317,316.5,319,319.5,320,320.5,321
1683075829815636136,318,317.5,317,316.5,316,319,319.5,320,320.5,321
1683075829827993116,318,317.5,317,316.5,316,319,319.5,320,320.5,321
1683075829838255113,318,317.5,317,316.5,316,319,319.5,320,320.5,321
1683075829850432255,318,317.5,317,316.5,316,319,319.5,320,320.5,321
1683075829850538905,318,317.5,317,316.5,316,319,319.5,320,320.5,321
1683075830199759519,318,317.5,317,316.5,316,319,319.5,320,320.5,321
1683075830796176277,318,317.5,317,316.5,316,319,319.5,320,320.5,321
1683075830840700471,318.5,318,317.5,317,316.5,319,319.5,320,320.5,321
1683075830840700471,318.5,318,317.5,317,316.5,319,319.5,320,320.5,321
1683075830872448216,318.5,318,317.5,317,316.5,319,319.5,320,320.5,321
1683075832118792268,318.5,318,317.5,317,316.5,319,319.5,320,320.5,321
1683075832387991834,318.5,318,317.5,317,316.5,319,319.5,320,320.5,321
1683075832661235643,318.5,318,317.5,317,316.5,319,319.5,320,320.5,321
1683075832673909558,318.5,318,317.5,317,316.5,319,319.5,320,320.5,321
1683075836966341749,318.5,318,317.5,317,316.5,319,319.5,320,320.5,321
1683075837184982592,318,317.5,317,316.5,316,319,319.5,320,320.5,321
1683075837230840309,318,317.5,317,316.5,316,319,319.5,320,320.5,321
1683075837264267618,318,317.5,317,316.5,316,319,319.5,320,320.5,321
1683075838737933982,318,317.5,317,316.5,316,319,319.5,320,320.5,321
1683075840116196889,318.5,318,317.5,317,316.5,319,319.5,320,320.5,321
1683075840152947688,318.5,318,317.5,317,316.5,319,319.5,320,320.5,321
1683075840153068935,318.5,318,317.5,317,316.5,319,319.5,320,320.5,321
1683075840509398857,318.5,318,317.5,317,316.5,319,319.5,320,320.5,321
1683075840806382947,318.5,318,317.5,317,316.5,319,319.5,320,320.5,321
1683075841661374444,318.5,318,317.5,317,316.5,319,319.5,320,320.5,321
1683075841695773307,318.5,318,317.5,317,316.5,319,319.5,320,320.5,321
1683075841695773307,318.5,318,317.5,317,316.5,319,319.5,320,320.5,321
1683075842052800628,318.5,318,317.5,317,316.5,319,319.5,320,320.5,321
1683075842346697552,318.5,318,317.5,317,316.5,319,319.5,320,320.5,321
1683075848017748078,318.5,318,317.5,317,316.5,319,319.5,320,320.5,321
1683075848059357579,318.5,318,317.5,317,316.5,319,319.5,320,320.5,321
1683075850521226050,318.5,318,317.5,317,316.5,319,319.5,320,320.5,321
1683075851058098876,318.5,318,317.5,317,316.5,319,319.5,320,320.5,321
1683075851205214032,318.5,318,317.5,317,316.5,319,319.5,320,320.5,321
1683075851575927387,318.5,318,317.5,317,316.5,319,319.5,320,320.5,321
1683075851825739434,318.5,318,317.5,317,316.5,319,319.5,320,320.5,321
1683075852025640603,318.5,318,317.5,317,316.5,319,319.5,320,320.5,321
1683075853653562138,318.5,318,317.5,317,316.5,319,319.5,320,320.5,321
1683075854210608961,318.5,318,317.5,317,316.5,319,319.5,320,320.5,321
1683075854515876393,318.5,318,317.5,317,316.5,319,319.5,320,320.5,321
1683075855090697276,318.5,318,317.5,317,316.5,319,319.5,320,320.5,321
1683075855920775870,318.5,318,317.5,317,316.5,319,319.5,320,320.5,321
1683075855951521063,318.5,318,317.5,317,316.5,319,319.5,320,320.5,321
1683075856372389354,318.5,318,317.5,317,316.5,319,319.5,320,320.5,321
1683075856403068784,318.5,318,317.5,317,316.5,319,319.5,320,320.5,321
1683075856436934937,318.5,318,317.5,317,316.5,319,319.5,320,320.5,321
1683075857090217510,318.5,318,317.5,317,316.5,319,319.5,320,320.5,321
1683075857990537059,318.5,318,317.5,317,316.5,319,319.5,320,320.5,321
1683075859467441893,318.5,318,317.5,317,316.5,319,319.5,320,320.5,321
1683075860119121898,318.5,318,317.5,317,316.5,319,319.5,320,320.5,321
1683075861595064546,318.5,318,317.5,317,316.5,319,319.5,320,320.5,321
1683075866398573574,318.5,318,317.5,317,316.5,319,319.5,320,320.5,321
1683075866982081436,318.5,318,317.5,317,316.5,319,319.5,320,320.5,321
1683075870731467873,318.5,318,317.5,317,316.5,319,319.5,320,320.5,321
1683075871050625945,318.5,318,317.5,317,316.5,319,319.5,320,320.5,321
1683075871300648166,318.5,318,317.5,317,316.5,319,319.5,320,320.5,321
1683075871334366351,318.5,318,317.5,317,316.5,319.5,320,320.5,321,321.5
1683075871367063058,318.5,318,317.5,317,316.5,319.5,320,320.5,321,321.5
1683075871367063058,318.5,318,317.5,317,316.5,319.5,320,320.5,321,321.5
1683075871399811673,318.5,318,317.5,317,316.5,319.5,320,320.5,321,321.5
1683075871455016930,318.5,318,317.5,317,316.5,319.5,320,320.5,321,321.5
1683075871678184642,318.5,318,317.5,317,316.5,319.5,320,320.5,321,321.5
1683075873379646127,318.5,318,317.5,317,316.5,319.5,320,320.5,321,321.5
1683075873379646127,318.5,318,317.5,317,316.5,320,320.5,321,321.5,322
1683075873379646127,319,318.5,318,317.5,317,320,320.5,321,321.5,322
1683075873401657623,319,318.5,318,317.5,317,320,320.5,321,321.5,322
1683075873411912787,319,318.5,318,317.5,317,320,320.5,321,321.5,322
1683075873432316504,319,318.5,318,317.5,317,320,320.5,321,321.5,322
1683075873432316504,319,318.5,318,317.5,317,320,320.5,321,321.5,322
1683075873432316504,319,318.5,318,317.5,317,320,320.5,321,321.5,322
1683075873454048776,319,318.5,318,317.5,317,320,320.5,321,321.5,322
1683075874849592277,319,318.5,318,317.5,317,320,320.5,321,321.5,322
1683075875732679994,319,318.5,318,317.5,317,320,320.5,321,321.5,322
1683075875765025612,319.5,319,318.5,318,317.5,320,320.5,321,321.5,322
1683075875777241507,319.5,318.5,318,317.5,317,320,320.5,321,321.5,322
1683075875795845265,319.5,318.5,318,317.5,317,320,320.5,321,321.5,322
1683075875808097078,319.5,318.5,318,317.5,317,320,320.5,321,321.5,322
1683075875914521417,319.5,318.5,318,317.5,317,320,320.5,321,321.5,322
1683075878544486516,318.5,318,317.5,317,316.5,320,320.5,321,321.5,322
1683075878585120135,318.5,318,317.5,317,316.5,320,320.5,321,321.5,322
1683075878585234911,318.5,318,317.5,317,316.5,320,320.5,321,321.5,322
1683075878585234911,318.5,318,317.5,317,316.5,320,320.5,321,321.5,322
1683075878585234911,318.5,318,317.5,317,316.5,320,320.5,321,321.5,322
1683075878617843082,318.5,318,317.5,317,316.5,320,320.5,321,321.5,322
1683075879238745722,318.5,318,317.5,317,316.5,320,320.5,321,321.5,322
1683075879750595358,318.5,318,317.5,317,316.5,320,320.5,321,321.5,322
1683075879793483139,318.5,318,317.5,317,316.5,320,320.5,321,321.5,322
1683075880495159020,318.5,318,317.5,317,316.5,320,320.5,321,321.5,322
1683075883296345764,319,318.5,318,317.5,317,320,320.5,321,321.5,322
1683075883327033339,319,318.5,318,317.5,317,320,320.5,321,321.5,322
1683075883327047916,319,318.5,318,317.5,317,320,320.5,321,321.5,322
1683075883359125491,319,318.5,318,317.5,317,320,320.5,321,321.5,322
1683075883414725118,319,318.5,318,317.5,317,320,320.5,321,321.5,322
1683075883571904859,319,318.5,318,317.5,317,319.5,320,320.5,321,321.5
1683075883601811939,319,318.5,318,317.5,317,319.5,320,320.5,321,321.5
1683075883601811939,319,318.5,318,317.5,317,320,320.5,321,321.5,322
1683075883644887342,319,318.5,318,317.5,317,320,320.5,321,321.5,322
1683075883675605655,319,318.5,318,317.5,317,320,320.5,321,321.5,322
1683075883675605655,319,318.5,318,317.5,317,320,320.5,321,321.5,322
1683075883685937353,319,318.5,318,317.5,317,320,320.5,321,321.5,322
1683075883842625732,319,318.5,318,317.5,317,320,320.5,321,321.5,322
1683075883885406061,319.5,319,318.5,318,317.5,320,320.5,321,321.5,322
1683075883897679724,319.5,319,318.5,318,317.5,320,320.5,321,321.5,322
1683075883918197586,319.5,319,318.5,318,317.5,320,320.5,321,321.5,322
1683075883918197586,319.5,319,318.5,318,317.5,320,320.5,321,321.5,322
1683075884036043108,319.5,319,318.5,318,317.5,320,320.5,321,321.5,322
1683075884224815114,319.5,319,318.5,318,317.5,320,320.5,321,321.5,322
1683075885234266816,319.5,319,318.5,318,317.5,320,320.5,321,321.5,322
1683075885865859607,319.5,319,318.5,318,317.5,320,320.5,321,321.5,322
1683075888467342923,319.5,319,318.5,318,317.5,320,320.5,321,321.5,322
1683075889135919791,319,318.5,318,317.5,317,320,320.5,321,321.5,322
1683075889166099232,319,318.5,318,317.5,317,320,320.5,321,321.5,322
1683075889189063727,319,318.5,318,317.5,317,320,320.5,321,321.5,322
1683075889189063727,319,318.5,318,317.5,317,320,320.5,321,321.5,322
1683075889189063727,319,318.5,318,317.5,317,320,320.5,321,321.5,322
1683075889199076306,319,318.5,318,317.5,317,320,320.5,321,321.5,322
1683075889209258001,319,318.5,318,317.5,317,320,320.5,321,321.5,322
1683075889209258001,319,318.5,318,317.5,317,320,320.5,321,321.5,322
1683075891694201496,319,318.5,318,317.5,317,320,320.5,321,321.5,322
1683075891831376880,319,318.5,318,317.5,317,319.5,320,320.5,321,321.5
1683075891861703006,319,318.5,318,317.5,317,319.5,320,320.5,321,321.5
1683075891861703006,319,318.5,318,317.5,317,319.5,320,320.5,321,321.5
1683075891861862606,319,318.5,318,317.5,317,320,320.5,321,321.5,322
1683075891871637548,319,318.5,318,317.5,317,320,320.5,321,321.5,322
1683075891882142632,319,318.5,318,317.5,317,320,320.5,321,321.5,322
1683075891892153847,319,318.5,318,317.5,317,320,320.5,321,321.5,322
1683075891892300413,319,318.5,318,317.5,317,320,320.5,321,321.5,322
1683075891892300413,319,318.5,318,317.5,317,320,320.5,321,321.5,322
1683075891892300413,319,318.5,318,317.5,317,320,320.5,321,321.5,322
1683075891912636683,319,318.5,318,317.5,317,320,320.5,321,321.5,322
1683075891912636683,319,318.5,318,317.5,317,320,320.5,321,321.5,322
1683075891912636683,319,318.5,318,317.5,317,320,320.5,321,321.5,322
1683075891912636683,319,318.5,318,317.5,317,320,320.5,321,321.5,322
1683075892598870782,319,318.5,318,317.5,317,320,320.5,321,321.5,322
1683075892943012951,319,318.5,318,317.5,317,320,320.5,321,321.5,322
1683075893369403510,319,318.5,318,317.5,317,320,320.5,321,321.5,322
1683075893660695905,319,318.5,318,317.5,317,320,320.5,321,321.5,322
1683075896890424797,319.5,319,318.5,318,317.5,320,320.5,321,321.5,322
1683075896910945945,319.5,319,318.5,318,317.5,320,320.5,321,321.5,322
1683075896910980540,319,318.5,318,317.5,317,320,320.5,321,321.5,322
1683075897487580023,319,318.5,318,317.5,317,319.5,320,320.5,321,321.5
1683075897518086688,319,318.5,318,317.5,317,319.5,320,320.5,321,321.5
1683075898703882563,319,318.5,318,317.5,317,320,320.5,321,321.5,322
1683075900852360522,319,318.5,318,317.5,317,320,320.5,321,321.5,322
1683075901852106973,319,318.5,318,317.5,317,319.5,320,320.5,321,321.5
1683075902285309110,319,318.5,318,317.5,317,319.5,320,320.5,321,321.5
1683075902352308410,319,318.5,318,317.5,317,319.5,320,320.5,321,321.5
1683075902990898478,319,318.5,318,317.5,317,319.5,320,320.5,321,321.5
1683075903947834714,319,318.5,318,317.5,317,319.5,320,320.5,321,321.5
1683075905481294320,319,318.5,318,317.5,317,319.5,320,320.5,321,321.5
1683075906777466685,319,318.5,318,317.5,317,319.5,320,320.5,321,321.5
1683075907714273658,319,318.5,318,317.5,317,319.5,320,320.5,321,321.5
1683075908536245953,319,318.5,318,317.5,317,319.5,320,320.5,321,321.5
1683075910195457775,319,318.5,318,317.5,317,319.5,320,320.5,321,321.5
1683075910741179726,319,318.5,318,317.5,317,319.5,320,320.5,321,321.5
1683075911212296938,319,318.5,318,317.5,317,319.5,320,320.5,321,321.5
1683075911894153498,319,318.5,318,317.5,317,319.5,320,320.5,321,321.5
1683075913443532052,319,318.5,318,317.5,317,319.5,320,320.5,321,321.5
1683075913813182933,319,318.5,318,317.5,317,319.5,320,320.5,321,321.5
1683075914977579501,319,318.5,318,317.5,317,319.5,320,320.5,321,321.5
1683075915110720260,319,318.5,318,317.5,317,319.5,320,320.5,321,321.5
1683075915478287369,319,318.5,318,317.5,317,319.5,320,320.5,321,321.5
1683075915799759085,319,318.5,318,317.5,317,319.5,320,320.5,321,321.5
1683075916024073951,319,318.5,318,317.5,317,319.5,320,320.5,321,321.5
1683075918506369224,319,318.5,318,317.5,317,319.5,320,320.5,321,321.5
1683075919021309593,319,318.5,318,317.5,317,319.5,320,320.5,321,321.5
1683075919570160118,319,318.5,318,317.5,317,319.5,320,320.5,321,321.5
1683075920211313248,319,318.5,318,317.5,317,319.5,320,320.5,321,321.5
1683075920407848208,319,318.5,318,317.5,317,319.5,320,320.5,321,321.5
1683075920430693259,319,318.5,318,317.5,317,320,320.5,321,321.5,322
1683075920542355603,319,318.5,318,317.5,317,320,320.5,321,321.5,322
1683075921006905775,319,318.5,318,317.5,317,320,320.5,321,321.5,322
1683075922617588015,319,318.5,318,317.5,317,320,320.5,321,321.5,322
1683075922913772204,319,318.5,318,317.5,317,320,320.5,321,321.5,322
1683075922946428035,319.5,319,318.5,318,317.5,320,320.5,321,321.5,322
1683075922946428035,319.5,319,318.5,318,317.5,320,320.5,321,321.5,322
1683075922981883402,319.5,319,318.5,318,317.5,320,320.5,321,321.5,322
1683075922981883402,319.5,319,318.5,318,317.5,320,320.5,321,321.5,322
1683075922981883402,319.5,319,318.5,318,317.5,320,320.5,321,321.5,322
1683075923026205445,319.5,319,318.5,318,317.5,320,320.5,321,321.5,322
1683075923036472071,319.5,319,318.5,318,317.5,320,320.5,321,321.5,322
1683075923059194602,319.5,319,318.5,318,317.5,320,320.5,321,321.5,322
1683075923072940209,319.5,319,318.5,318,317.5,320,320.5,321,321.5,322
1683075923105723539,319.5,319,318.5,318,317.5,320,320.5,321,321.5,322
1683075924507367704,319.5,319,318.5,318,317.5,320,320.5,321,321.5,322
1683075924573472845,319,318.5,318,317.5,317,320,320.5,321,321.5,322
1683075924614424100,319,318.5,318,317.5,317,320,320.5,321,321.5,322
1683075924647439185,319,318.5,318,317.5,317,320,320.5,321,321.5,322
1683075924693209929,319,318.5,318,317.5,317,320,320.5,321,321.5,322
1683075925298553618,319,318.5,318,317.5,317,320,320.5,321,321.5,322
1683075925445263633,319.5,319,318.5,318,317.5,320,320.5,321,321.5,322
1683075925476757111,319.5,319,318.5,318,317.5,320,320.5,321,321.5,322
1683075925511566615,319.5,319,318.5,318,317.5,320,320.5,321,321.5,322
1683075927935333473,319.5,319,318.5,318,317.5,320,320.5,321,321.5,322
1683075928834546335,319.5,319,318.5,318,317.5,320,320.5,321,321.5,322
1683075930402321708,319.5,319,318.5,318,317.5,320,320.5,321,321.5,322
1683075930532873867,319.5,319,318.5,318,317.5,320,320.5,321,321.5,322
1683075930820973077,319.5,319,318.5,318,317.5,320,320.5,321,321.5,322
1683075931289154286,319.5,319,318.5,318,317.5,320,320.5,321,321.5,322
1683075932177866373,319.5,319,318.5,318,317.5,320,320.5,321,321.5,322
1683075932578170245,319.5,319,318.5,318,317.5,320,320.5,321,321.5,322
1683075932588354165,319.5,319,318.5,318,317.5,320,320.5,321,321.5,322
1683075932668325059,319.5,319,318.5,318,317.5,320,320.5,321,321.5,322
1683075933935876278,319.5,319,318.5,318,317.5,320,320.5,321,321.5,322
1683075934906295488,319.5,319,318.5,318,317.5,320,320.5,321,321.5,322
1683075935847580570,319.5,319,318.5,318,317.5,320,320.5,321,321.5,322
1683075936860104441,319.5,319,318.5,318,317.5,320,320.5,321,321.5,322
1683075937718240773,319.5,319,318.5,318,317.5,320,320.5,321,321.5,322
1683075937874519272,319.5,319,318.5,318,317.5,320,320.5,321,321.5,322
1683075938173411225,319.5,319,318.5,318,317.5,320,320.5,321,321.5,322
1683075938643401140,319.5,319,318.5,318,317.5,320,320.5,321,321.5,322
1683075940604429578,319.5,319,318.5,318,317.5,320,320.5,321,321.5,322
1683075940980212051,319.5,319,318.5,318,317.5,320,320.5,321,321.5,322
1683075941231345238,319.5,319,318.5,318,317.5,320,320.5,321,321.5,322
1683075941896431292,319.5,319,318.5,318,317.5,320,320.5,321,321.5,322
1683075942341978026,319.5,319,318.5,318,317.5,320,320.5,321,321.5,322
1683075943862919500,319.5,319,318.5,318,317.5,320,320.5,321,321.5,322
1683075944020555097,319.5,319,318.5,318,317.5,320,320.5,321,321.5,322
1683075944499733885,319.5,319,318.5,318,317.5,320,320.5,321,321.5,322
1683075945284237733,319.5,319,318.5,318,317.5,320,320.5,321,321.5,322
1683075945641766255,319.5,319,318.5,318,317.5,320,320.5,321,321.5,322
1683075946858363710,319.5,319,318.5,318,317.5,320,320.5,321,321.5,322
1683075948237092031,319.5,319,318.5,318,317.5,320,320.5,321,321.5,322
1683075948378463764,320,319.5,319,318.5,318,320.5,321,321.5,322,322.5
1683075948409506055,320,319.5,319,318.5,318,320.5,321,321.5,322,322.5
1683075948409506055,320,319.5,319,318.5,318,320.5,321,321.5,322,322.5
1683075948409506055,320,319.5,319,318.5,318,320.5,321,321.5,322,322.5
1683075948444389337,320,319.5,319,318.5,318,320.5,321,321.5,322,322.5
1683075948485327498,320,319.5,319,318.5,318,320.5,321,321.5,322,322.5
1683075948495525084,320,319.5,319,318.5,318,320.5,321,321.5,322,322.5
1683075948794403621,320,319.5,319,318.5,318,320.5,321,321.5,322,322.5
1683075948991527307,320,319.5,319,318.5,318,320.5,321,321.5,322,322.5
1683075949046527328,320,319.5,319,318.5,318,320.5,321,321.5,322,322.5
1683075949409185912,320,319.5,319,318.5,318,320.5,321,321.5,322,322.5
1683075949443758882,320,319.5,319,318.5,318,320.5,321,321.5,322,322.5
1683075949712791695,320,319.5,319,318.5,318,320.5,321,321.5,322,322.5
1683075949944573740,320,319.5,319,318.5,318,320.5,321,321.5,322,322.5
1683075950227137377,320,319.5,319,318.5,318,320.5,321,321.5,322,322.5
1683075950556261290,320,319.5,319,318.5,318,320.5,321,321.5,322,322.5
1683075951271966641,320,319.5,319,318.5,318,320.5,321,321.5,322,322.5
1683075951585222843,320,319.5,319,318.5,318,320.5,321,321.5,322,322.5
1683075951771564605,320,319.5,319,318.5,318,320.5,321,321.5,322,322.5
1683075952311951079,320,319.5,319,318.5,318,320.5,321,321.5,322,322.5
1683075952575182831,320,319.5,319,318.5,318,320.5,321,321.5,322,322.5
1683075952918009350,320,319.5,319,318.5,318,320.5,321,321.5,322,322.5
1683075953641130203,320,319.5,319,318.5,318,320.5,321,321.5,322,322.5
1683075954870068427,320,319.5,319,318.5,318,320.5,321,321.5,322,322.5
1683075954995366051,320,319.5,319,318.5,318,320.5,321,321.5,322,322.5
1683075955029618108,320,319.5,319,318.5,318,320.5,321,321.5,322,322.5
1683075955348402930,320,319.5,319,318.5,318,320.5,321,321.5,322,322.5
1683075956677256874,320,319.5,319,318.5,318,320.5,321,321.5,322,322.5
1683075957603957353,320,319.5,319,318.5,318,320.5,321,321.5,322,322.5
1683075957626447869,320,319.5,319,318.5,318,320.5,321,321.5,322,322.5
1683075957766962271,320,319.5,319,318.5,318,320.5,321,321.5,322,322.5
1683075958140594738,320,319.5,319,318.5,318,320.5,321,321.5,322,322.5
1683075958661928861,320,319.5,319,318.5,318,320.5,321,321.5,322,322.5
1683075958811288050,320,319.5,319,318.5,318,320.5,321,321.5,322,322.5
1683075958834191591,320,319.5,319,318.5,318,320.5,321,321.5,322,322.5
1683075959568317716,320,319.5,319,318.5,318,320.5,321,321.5,322,322.5
1683075960044583685,320,319.5,319,318.5,318,320.5,321,321.5,322,322.5
1683075960189785388,320,319.5,319,318.5,318,320.5,321,321.5,322,322.5
1683075961496228266,320,319.5,319,318.5,318,320.5,321,321.5,322,322.5
1683075961599734667,320,319.5,319,318.5,318,320.5,321,321.5,322,322.5
1683075961902961248,320.5,320,319.5,319,318.5,321,321.5,322,322.5,323
1683075961937911977,320.5,320,319.5,319,318.5,321,321.5,322,322.5,323
1683075961970671743,320.5,320,319.5,319,318.5,321,321.5,322,322.5,323
1683075962166047907,320.5,320,319.5,319,318.5,321,321.5,322,322.5,323
1683075962437380699,320.5,320,319.5,319,318.5,321,321.5,322,322.5,323
1683075962460312232,320.5,320,319.5,319,318.5,321,321.5,322,322.5,323
1683075962511096228,320.5,320,319.5,319,318.5,321,321.5,322,322.5,323
1683075962600122022,320.5,320,319.5,319,318.5,321,321.5,322,322.5,323
1683075962623059517,320.5,320,319.5,319,318.5,321,321.5,322,322.5,323
1683075962950521840,320.5,320,319.5,319,318.5,321,321.5,322,322.5,323
1683075962972994993,320.5,320,319.5,319,318.5,321,321.5,322,322.5,323
1683075963125976242,320.5,320,319.5,319,318.5,321,321.5,322,322.5,323
1683075963201683039,320.5,320,319.5,319,318.5,321,321.5,322,322.5,323
1683075964321822136,320.5,320,319.5,319,318.5,321,321.5,322,322.5,323
1683075964968955554,320.5,320,319.5,319,318.5,321,321.5,322,322.5,323
1683075965506950218,320.5,320,319.5,319,318.5,321,321.5,322,322.5,323
1683075965563697520,320.5,320,319.5,319,318.5,321,321.5,322,322.5,323
1683075966525207163,320.5,320,319.5,319,318.5,321,321.5,322,322.5,323
1683075966566153388,320.5,320,319.5,319,318.5,321,321.5,322,322.5,323
1683075966609722638,320.5,320,319.5,319,318.5,321,321.5,322,322.5,323
1683075966641931841,320,319.5,319,318.5,318,321,321.5,322,322.5,323
1683075966672792841,320,319.5,319,318.5,318,321,321.5,322,322.5,323
1683075966685039855,320,319.5,319,318.5,318,320.5,321,321.5,322,322.5
1683075966685039855,320,319.5,319,318.5,318,320.5,321,321.5,322,322.5
1683075966685284164,320,319.5,319,318.5,318,320.5,321,321.5,322,322.5
1683075966707475147,320,319.5,319,318.5,318,320.5,321,321.5,322,322.5
1683075966707475147,320,319.5,319,318.5,318,320.5,321,321.5,322,322.5
1683075966707656878,320,319.5,319,318.5,318,320.5,321,321.5,322,322.5
1683075966707656878,320,319.5,319,318.5,318,320.5,321,321.5,322,322.5
1683075966717792738,320,319.5,319,318.5,318,320.5,321,321.5,322,322.5
1683075966717976673,320,319.5,319,318.5,318,320.5,321,321.5,322,322.5
1683075966741002814,320,319.5,319,318.5,318,320.5,321,321.5,322,322.5
1683075966741257472,319.5,319,318.5,318,317.5,320.5,321,321.5,322,322.5
1683075966760675279,319.5,319,318.5,318,317.5,320.5,321,321.5,322,322.5
1683075966773691737,319.5,319,318.5,318,317.5,320.5,321,321.5,322,322.5
1683075966773691737,319.5,319,318.5,318,317.5,320.5,321,321.5,322,322.5
1683075966795545286,319.5,319,318.5,318,317.5,320.5,321,321.5,322,322.5
1683075966795545286,319.5,319,318.5,318,317.5,320.5,321,321.5,322,322.5
1683075966795545286,319.5,319,318.5,318,317.5,320.5,321,321.5,322,322.5
1683075966828268694,319.5,319,318.5,318,317.5,320.5,321,321.5,322,322.5
1683075966828268694,319,318.5,318,317.5,317,320.5,321,321.5,322,322.5
1683075966828268694,319,318.5,318,317.5,317,320,320.5,321,321.5,322
1683075966828268694,319,318.5,318,317.5,317,319.5,320,320.5,321,321.5
1683075966863136237,319,318.5,318,317.5,317,319.5,320,320.5,321,321.5
1683075966863136237,319,318.5,318,317.5,317,319.5,320,320.5,321,321.5
1683075966863136237,319,318.5,318,317.5,317,319.5,320,320.5,321,321.5
1683075966895865445,319,318.5,318,317.5,317,319.5,320,320.5,321,321.5
1683075966916438260,319,318.5,318,317.5,317,319.5,320,320.5,321,321.5
1683075967319912094,319,318.5,318,317.5,317,319.5,320,320.5,321,321.5
1683075969356927976,319,318.5,318,317.5,317,319.5,320,320.5,321,321.5
1683075969356969664,0,0,0,0,0,0,0,0,0,0
1683075969356969664,319,318.5,318,317.5,317,320,320.5,321,321.5,322
1683075969389653537,319,318.5,318,317.5,317,320.5,321,321.5,322,322.5
1683075969399744162,319,318.5,318,317.5,317,320,320.5,321,321.5,322
1683075969399744162,319,318.5,318,317.5,317,320,320.5,321,321.5,322
1683075969399838520,319,318.5,318,317.5,317,320,320.5,321,321.5,322
1683075969415712853,319,318.5,318,317.5,317,320,320.5,321,321.5,322
1683075969433559219,319,318.5,318,317.5,317,320,320.5,321,321.5,322
1683075969433773141,319,318.5,318,317.5,317,320.5,321,321.5,322,322.5
1683075969433859373,319,318.5,318,317.5,317,320.5,321,321.5,322,322.5
1683075969433886053,319,318.5,318,317.5,317,320.5,321,321.5,322,322.5
1683075969948434867,319,318.5,318,317.5,317,320.5,321,321.5,322,322.5
1683075969982508770,319,318.5,318,317.5,317,320.5,321,321.5,322,322.5
1683075970026470948,319,318.5,318,317.5,317,320,320.5,321,321.5,322
1683075970069557382,319,318.5,318,317.5,317,320,320.5,321,321.5,322
1683075970069557382,319,318.5,318,317.5,317,320,320.5,321,321.5,322
1683075970069557382,319,318.5,318,317.5,317,320,320.5,321,321.5,322
1683075971012353280,319,318.5,318,317.5,317,320,320.5,321,321.5,322
1683075974713985814,319,318.5,318,317.5,317,319.5,320,320.5,321,321.5
1683075974747484337,319,318.5,318,317.5,317,319.5,320,320.5,321,321.5
1683075974747484337,319,318.5,318,317.5,317,319.5,320,320.5,321,321.5
1683075974917359714,319,318.5,318,317.5,317,319.5,320,320.5,321,321.5
1683075975719832830,319,318.5,318,317.5,317,319.5,320,320.5,321,321.5
1683075977352249927,319,318.5,318,317.5,317,319.5,320,320.5,321,321.5
1683075977384695222,319,318.5,318,317.5,317,319.5,320,320.5,321,321.5
1683075979097042256,319,318.5,318,317.5,317,319.5,320,320.5,321,321.5
1683075979560373581,319,318.5,318,317.5,317,319.5,320,320.5,321,321.5
1683075979773959213,319,318.5,318,317.5,317,319.5,320,320.5,321,321.5
1683075979808928938,319,318.5,318,317.5,317,319.5,320,320.5,321,321.5
1683075980946463614,319,318.5,318,317.5,317,319.5,320,320.5,321,321.5
1683075980978006896,319,318.5,318,317.5,317,319.5,320,320.5,321,321.5
1683075981549874856,319,318.5,318,317.5,317,320,320.5,321,321.5,322
1683075981582831742,319,318.5,318,317.5,317,320,320.5,321,321.5,322
1683075981594615876,319,318.5,318,317.5,317,320,320.5,321,321.5,322
1683075981913218826,319,318.5,318,317.5,317,320,320.5,321,321.5,322
1683075984279828404,319.5,319,318.5,318,317.5,320,320.5,321,321.5,322
1683075984300391791,319.5,319,318.5,318,317.5,320,320.5,321,321.5,322
1683075984323209230,319.5,319,318.5,318,317.5,320,320.5,321,321.5,322
1683075984639955014,319.5,319,318.5,318,317.5,320,320.5,321,321.5,322
1683075985532502662,319.5,319,318.5,318,317.5,320,320.5,321,321.5,322
1683075986750797073,319.5,319,318.5,318,317.5,320,320.5,321,321.5,322
1683075988997491874,319.5,319,318.5,318,317.5,320,320.5,321,321.5,322
1683075989665138355,319.5,319,318.5,318,317.5,320,320.5,321,321.5,322
1683075990207655419,319.5,319,318.5,318,317.5,320,320.5,321,321.5,322
1683075991020623890,319.5,319,318.5,318,317.5,320,320.5,321,321.5,322
1683075991473984404,319.5,319,318.5,318,317.5,320,320.5,321,321.5,322
1683075992544627794,319.5,319,318.5,318,317.5,320,320.5,321,321.5,322
1683075993292297788,319.5,319,318.5,318,317.5,320,320.5,321,321.5,322
1683075993832498533,319.5,319,318.5,318,317.5,320,320.5,321,321.5,322
1683075994204983796,319.5,319,318.5,318,317.5,320,320.5,321,321.5,322
1683075995963481657,319.5,319,318.5,318,317.5,320,320.5,321,321.5,322
1683075995963517445,319.5,319,318.5,318,317.5,320,320.5,321,321.5,322
1683075995973786094,319.5,319,318.5,318,317.5,320,320.5,321,321.5,322
1683075995973802795,319.5,319,318.5,318,317.5,320,320.5,321,321.5,322
1683075997096186125,319.5,319,318.5,318,317.5,320,320.5,321,321.5,322
1683076000986318284,319.5,319,318.5,318,317.5,320,320.5,321,321.5,322
1683076001903212082,319.5,319,318.5,318,317.5,320,320.5,321,321.5,322
1683076002580629489,319.5,319,318.5,318,317.5,320,320.5,321,321.5,322
1683076003482811035,319.5,319,318.5,318,317.5,320,320.5,321,321.5,322
1683076003550266090,319.5,319,318.5,318,317.5,320,320.5,321,321.5,322
1683076003550266090,319.5,319,318.5,318,317.5,320,320.5,321,321.5,322
1683076004336763572,319.5,319,318.5,318,317.5,320,320.5,321,321.5,322
1683076007524673564,319.5,319,318.5,318,317.5,320,320.5,321,321.5,322
1683076008687862686,319,318.5,318,317.5,317,320,320.5,321,321.5,322
1683076008710326171,319,318.5,318,317.5,317,320,320.5,321,321.5,322
1683076008730856737,319,318.5,318,317.5,317,320,320.5,321,321.5,322
1683076008803408792,319,318.5,318,317.5,317,320,320.5,321,321.5,322
1683076013068916881,319,318.5,318,317.5,317,320,320.5,321,321.5,322
1683076013068996841,319,318.5,318,317.5,317,320,320.5,321,321.5,322
1683076013195857399,319,318.5,318,317.5,317,320,320.5,321,321.5,322
1683076013297066747,319,318.5,318,317.5,317,320,320.5,321,321.5,322
1683076013297066747,319,318.5,318,317.5,317,320,320.5,321,321.5,322
1683076016827699945,319,318.5,318,317.5,317,320,320.5,321,321.5,322
1683076018465141406,319,318.5,318,317.5,317,319.5,320,320.5,321,321.5
1683076018477344196,319,318.5,318,317.5,317,319.5,320,320.5,321,321.5
1683076018497912673,319,318.5,318,317.5,317,319.5,320,320.5,321,321.5
1683076018497912673,319,318.5,318,317.5,317,319.5,320,320.5,321,321.5
1683076021384602842,319,318.5,318,317.5,317,319.5,320,320.5,321,321.5
1683076024036022896,319,318.5,318,317.5,317,319.5,320,320.5,321,321.5
1683076024171366280,319,318.5,318,317.5,317,319.5,320,320.5,321,321.5
1683076024171471678,319,318.5,318,317.5,317,319.5,320,320.5,321,321.5
1683076024440157490,319,318.5,318,317.5,317,319.5,320,320.5,321,321.5
1683076024474810440,319,318.5,318,317.5,317,319.5,320,320.5,321,321.5
1683076024509111449,319,318.5,318,317.5,317,320,320.5,321,321.5,322
1683076025711094957,319,318.5,318,317.5,317,320,320.5,321,321.5,322
1683076025743754134,319,318.5,318,317.5,317,320,320.5,321,321.5,322
1683076025946713907,319,318.5,318,317.5,317,320,320.5,321,321.5,322
1683076026318640892,319,318.5,318,317.5,317,320,320.5,321,321.5,322
1683076027646324058,319.5,319,318.5,318,317.5,320,320.5,321,321.5,322
1683076027678103654,319.5,319,318.5,318,317.5,320,320.5,321,321.5,322
1683076027719089193,319.5,319,318.5,318,317.5,320,320.5,321,321.5,322
1683076028333674314,319.5,319,318.5,318,317.5,320,320.5,321,321.5,322
1683076030280124081,319.5,319,318.5,318,317.5,320,320.5,321,321.5,322
1683076032140698350,319.5,319,318.5,318,317.5,320,320.5,321,321.5,322
1683076033707681477,319.5,319,318.5,318,317.5,320,320.5,321,321.5,322
1683076035321003224,0,0,0,0,0,0,0,0,0,0
1683076035321003224,319,318.5,318,317.5,317,320,320.5,321,321.5,322
1683076035343848245,319,318.5,318,317.5,317,320,320.5,321,321.5,322
1683076035364552136,319,318.5,318,317.5,317,320,320.5,321,321.5,322
1683076036844837400,319,318.5,318,317.5,317,320,320.5,321,321.5,322
1683076036959800611,319,318.5,318,317.5,317,320,320.5,321,321.5,322
1683076036980286753,319,318.5,318,317.5,317,320,320.5,321,321.5,322
1683076037795422643,319,318.5,318,317.5,317,320,320.5,321,321.5,322
1683076038767209813,319,318.5,318,317.5,317,320,320.5,321,321.5,322
1683076039563690258,319,318.5,318,317.5,317,319.5,320,320.5,321,321.5
1683076039594426354,319,318.5,318,317.5,317,319.5,320,320.5,321,321.5
1683076039594426354,319,318.5,318,317.5,317,319.5,320,320.5,321,321.5
1683076040572431388,319,318.5,318,317.5,317,319.5,320,320.5,321,321.5
1683076040592962534,319,318.5,318,317.5,317,319.5,320,320.5,321,321.5
1683076040592962534,318.5,318,317.5,317,316.5,319,319.5,320,320.5,321
1683076040605192105,318.5,318,317.5,317,316.5,319,319.5,320,320.5,321
1683076040605192105,318.5,318,317.5,317,316.5,319,319.5,320,320.5,321
1683076040615413275,318.5,318,317.5,317,316.5,319,319.5,320,320.5,321
1683076040615413275,318.5,318,317.5,317,316.5,319,319.5,320,320.5,321
1683076040615413275,318.5,318,317.5,317,316.5,319,319.5,320,320.5,321
1683076040615413275,318.5,318,317.5,317,316.5,319,319.5,320,320.5,321
1683076040625716159,318.5,318,317.5,317,316.5,319,319.5,320,320.5,321
1683076040625716159,318.5,318,317.5,317,316.5,319,319.5,320,320.5,321
1683076040635902884,318.5,318,317.5,317,316.5,319,319.5,320,320.5,321
1683076040656475248,318.5,318,317.5,317,316.5,319,319.5,320,320.5,321
1683076041509389847,318.5,318,317.5,317,316.5,319,319.5,320,320.5,321
1683076042156031553,318.5,318,317.5,317,316.5,319,319.5,320,320.5,321
1683076043365907139,318.5,318,317.5,317,316.5,319,319.5,320,320.5,321
1683076043709987472,318.5,318,317.5,317,316.5,319,319.5,320,320.5,321
1683076045679235423,318.5,318,317.5,317,316.5,319,319.5,320,320.5,321
1683076046106268759,318.5,318,317.5,317,316.5,319,319.5,320,320.5,321
1683076046141370272,318.5,318,317.5,317,316.5,319,319.5,320,320.5,321
1683076046141370272,318.5,318,317.5,317,316.5,319,319.5,320,320.5,321
1683076046682831243,318.5,318,317.5,317,316.5,319,319.5,320,320.5,321
1683076046741749631,318.5,318,317.5,317,316.5,319,319.5,320,320.5,321
1683076047615528612,318.5,318,317.5,317,316.5,319,319.5,320,320.5,321
1683076048573174172,318.5,318,317.5,317,316.5,319,319.5,320,320.5,321
1683076048605787132,318.5,318,317.5,317,316.5,319,319.5,320,320.5,321
1683076050475105026,318,317.5,317,316.5,316,319,319.5,320,320.5,321
1683076050507533660,318,317.5,317,316.5,316,319,319.5,320,320.5,321
1683076050507533660,318,317.5,317,316.5,316,319,319.5,320,320.5,321
1683076050520000657,318,317.5,317,316.5,316,319,319.5,320,320.5,321
1683076050542494218,318,317.5,317,316.5,316,319,319.5,320,320.5,321
1683076051303541578,318,317.5,317,316.5,316,319,319.5,320,320.5,321
1683076051865262738,318,317.5,317,316.5,316,319,319.5,320,320.5,321
1683076054810795312,318,317.5,317,316.5,316,319,319.5,320,320.5,321
1683076056477518480,318,317.5,317,316.5,316,318.5,319,319.5,320,320.5
1683076056499928634,318,317.5,317,316.5,316,318.5,319,319.5,320,320.5
1683076056510091505,318,317.5,317,316.5,316,318.5,319,319.5,320,320.5
1683076057707064727,318,317.5,317,316.5,316,318.5,319,319.5,320,320.5
1683076060033287260,318,317.5,317,316.5,316,318.5,319,319.5,320,320.5
1683076060777980085,318,317.5,317,316.5,316,318.5,319,319.5,320,320.5
1683076060893220567,318,317.5,317,316.5,316,318.5,319,319.5,320,320.5
1683076061556497365,318,317.5,317,316.5,316,318.5,319,319.5,320,320.5
1683076061591398010,318,317.5,317,316.5,316,318.5,319,319.5,320,320.5
1683076061591572267,318,317.5,317,316.5,316,318.5,319,319.5,320,320.5
1683076061591572267,318,317.5,317,316.5,316,318.5,319,319.5,320,320.5
1683076061591754960,318,317.5,317,316.5,316,318.5,319,319.5,320,320.5
1683076066457521634,318,317.5,317,316.5,316,318.5,319,319.5,320,320.5
1683076067413974003,318,317.5,317,316.5,316,318.5,319,319.5,320,320.5
1683076067436623978,318,317.5,317,316.5,316,318.5,319,319.5,320,320.5
1683076067771094690,318,317.5,317,316.5,316,318.5,319,319.5,320,320.5
1683076069574430445,318,317.5,317,316.5,316,318.5,319,319.5,320,320.5
1683076070031148213,318,317.5,317,316.5,316,318.5,319,319.5,320,320.5
1683076070410303268,318,317.5,317,316.5,316,318.5,319,319.5,320,320.5
1683076070690686051,318,317.5,317,316.5,316,318.5,319,319.5,320,320.5
1683076070711156794,318,317.5,317,316.5,316,318.5,319,319.5,320,320.5
1683076071528535315,318,317.5,317,316.5,316,318.5,319,319.5,320,320.5
1683076071855037627,318,317.5,317,316.5,316,318.5,319,319.5,320,320.5
1683076072037315800,318,317.5,317,316.5,316,318.5,319,319.5,320,320.5
1683076072630884863,318,317.5,317,316.5,316,318.5,319,319.5,320,320.5
1683076075104192446,318,317.5,317,316.5,316,318.5,319,319.5,320,320.5
1683076075613157988,318,317.5,317,316.5,316,318.5,319,319.5,320,320.5
1683076075775852524,318,317.5,317,316.5,316,318.5,319,319.5,320,320.5
1683076075806997288,318,317.5,317,316.5,316,318.5,319,319.5,320,320.5
1683076075841373428,318,317.5,317,316.5,316,318.5,319,319.5,320,320.5
1683076075863951648,318,317.5,317,316.5,316,318.5,319,319.5,320,320.5
1683076075863951648,318,317.5,317,316.5,316,318.5,319,319.5,320,320.5
1683076076179450531,318,317.5,317,316.5,316,318.5,319,319.5,320,320.5
1683076076579971370,318,317.5,317,316.5,316,318.5,319,319.5,320,320.5
1683076079384417990,318,317.5,317,316.5,316,318.5,319,319.5,320,320.5
1683076080276417340,318,317.5,317,316.5,316,318.5,319,319.5,320,320.5
1683076081939590713,318,317.5,317,316.5,316,318.5,319,319.5,320,320.5
1683076081982509983,318,317.5,317,316.5,316,318.5,319,319.5,320,320.5
1683076083476635352,318,317.5,317,316.5,316,318.5,319,319.5,320,320.5
1683076085934258357,318,317.5,317,316.5,316,318.5,319,319.5,320,320.5
1683076086421469957,318,317.5,317,316.5,316,318.5,319,319.5,320,320.5
1683076089591181524,318,317.5,317,316.5,316,318.5,319,319.5,320,320.5
1683076090192979046,318,317.5,317,316.5,316,318.5,319,319.5,320,320.5
1683076091663574198,318,317.5,317,316.5,316,318.5,319,319.5,320,320.5
1683076091997056414,318,317.5,317,316.5,316,318.5,319,319.5,320,320.5
1683076092379286463,318,317.5,317,316.5,316,318.5,319,319.5,320,320.5
1683076092961572973,318,317.5,317,316.5,316,318.5,319,319.5,320,320.5
1683076093092012541,318,317.5,317,316.5,316,318.5,319,319.5,320,320.5
1683076093122889261,318,317.5,317,316.5,316,318.5,319,319.5,320,320.5
1683076093478653161,318,317.5,317,316.5,316,318.5,319,319.5,320,320.5
1683076094157921633,318,317.5,317,316.5,316,319,319.5,320,320.5,321
1683076095023575440,318,317.5,317,316.5,316,319,319.5,320,320.5,321
1683076095658130213,318.5,318,317.5,317,316.5,319,319.5,320,320.5,321
1683076095687953406,318.5,318,317.5,317,316.5,319,319.5,320,320.5,321
1683076095687978092,318.5,318,317.5,317,316.5,319,319.5,320,320.5,321
1683076095718474188,318.5,318,317.5,317,316.5,319,319.5,320,320.5,321
1683076096024200623,318.5,318,317.5,317,316.5,319,319.5,320,320.5,321
1683076096162194684,318.5,318,317.5,317,316.5,319,319.5,320,320.5,321
1683076098037115939,318.5,318,317.5,317,316.5,319,319.5,320,320.5,321
1683076098153297387,318.5,318,317.5,317,316.5,319,319.5,320,320.5,321
1683076099394037401,318.5,318,317.5,317,316.5,319,319.5,320,320.5,321
1683076101343472334,318.5,318,317.5,317,316.5,319,319.5,320,320.5,321
1683076104704215961,318.5,318,317.5,317,316.5,319,319.5,320,320.5,321
1683076107193912113,318.5,318,317.5,317,316.5,319,319.5,320,320.5,321
1683076107511065542,318.5,318,317.5,317,316.5,319,319.5,320,320.5,321
1683076109152604888,318.5,318,317.5,317,316.5,319,319.5,320,320.5,321
1683076109263303122,318.5,318,317.5,317,316.5,319,319.5,320,320.5,321
1683076109547810639,318.5,318,317.5,317,316.5,319,319.5,320,320.5,321
1683076112390511791,318.5,318,317.5,317,316.5,319,319.5,320,320.5,321
1683076112636801195,318.5,318,317.5,317,316.5,319,319.5,320,320.5,321
1683076112648401855,318.5,318,317.5,317,316.5,319,319.5,320,320.5,321
1683076113014035985,318.5,318,317.5,317,316.5,319,319.5,320,320.5,321
1683076113211051448,318.5,318,317.5,317,316.5,319,319.5,320,320.5,321
1683076115453504537,318.5,318,317.5,317,316.5,319,319.5,320,320.5,321
1683076116028958269,318.5,318,317.5,317,316.5,319,319.5,320,320.5,321
1683076116526383154,318.5,318,317.5,317,316.5,319,319.5,320,320.5,321
1683076118024325941,318.5,318,317.5,317,316.5,319,319.5,320,320.5,321
1683076118288841884,318.5,318,317.5,317,316.5,319,319.5,320,320.5,321
1683076123132195771,318.5,318,317.5,317,316.5,319,319.5,320,320.5,321
1683076123163142052,318.5,318,317.5,317,316.5,319,319.5,320,320.5,321
1683076124686744474,318.5,318,317.5,317,316.5,319,319.5,320,320.5,321
1683076124709210634,318.5,318,317.5,317,316.5,319,319.5,320,320.5,321
1683076124929587477,318.5,318,317.5,317,316.5,319,319.5,320,320.5,321
1683076126591396950,318.5,318,317.5,317,316.5,319,319.5,320,320.5,321
1683076128454203987,318.5,318,317.5,317,316.5,319,319.5,320,320.5,321
1683076129085845211,318.5,318,317.5,317,316.5,319,319.5,320,320.5,321
1683076131963327300,318.5,318,317.5,317,316.5,319,319.5,320,320.5,321
1683076135400045777,318.5,318,317.5,317,316.5,319,319.5,320,320.5,321
1683076136142265624,318.5,318,317.5,317,316.5,319,319.5,320,320.5,321
1683076136293139423,318.5,318,317.5,317,316.5,319,319.5,320,320.5,321
1683076136500770480,318.5,318,317.5,317,316.5,319,319.5,320,320.5,321
1683076139318813586,318.5,318,317.5,317,316.5,319,319.5,320,320.5,321
1683076139350962278,318.5,318,317.5,317,316.5,319,319.5,320,320.5,321
1683076139391538855,318.5,318,317.5,317,316.5,319,319.5,320,320.5,321
1683076139391538855,318.5,318,317.5,317,316.5,319,319.5,320,320.5,321
1683076139391538855,318,317.5,317,316.5,316,319,319.5,320,320.5,321
1683076139391538855,318,317.5,317,316.5,316,318.5,319,319.5,320,320.5
1683076139391538855,318,317.5,317,316.5,316,318.5,319,319.5,320,320.5
1683076139434607721,318,317.5,317,316.5,316,318.5,319,319.5,320,320.5
1683076139434607721,318,317.5,317,316.5,316,318.5,319,319.5,320,320.5
1683076139434607721,318,317.5,317,316.5,316,318.5,319,319.5,320,320.5
1683076139469100213,318,317.5,317,316.5,316,318.5,319,319.5,320,320.5
1683076139744849438,318.5,318,317.5,317,316.5,319,319.5,320,320.5,321
1683076139777575775,318.5,318,317.5,317,316.5,319,319.5,320,320.5,321
1683076139777575775,318,317.5,317,316.5,316,319,319.5,320,320.5,321
1683076139777575775,318,317.5,317,316.5,316,319,319.5,320,320.5,321
1683076139789866331,318,317.5,317,316.5,316,319,319.5,320,320.5,321
1683076139812397325,318,317.5,317,316.5,316,319,319.5,320,320.5,321
1683076139812397325,318,317.5,317,316.5,316,318.5,319,319.5,320,320.5
1683076139812451176,318,317.5,317,316.5,316,318.5,319,319.5,320,320.5
1683076139812451176,318,317.5,317,316.5,316,318.5,319,319.5,320,320.5
1683076139812506240,318,317.5,317,316.5,316,318.5,319,319.5,320,320.5
1683076139822605262,318,317.5,317,316.5,316,318.5,319,319.5,320,320.5
1683076139822605262,318,317.5,317,316.5,316,318.5,319,319.5,320,320.5
1683076139996173933,318,317.5,317,316.5,316,318.5,319,319.5,320,320.5
1683076140534523885,318,317.5,317,316.5,316,319,319.5,320,320.5,321
1683076140577433902,318,317.5,317,316.5,316,319,319.5,320,320.5,321
1683076140587695600,318,317.5,317,316.5,316,319,319.5,320,320.5,321
1683076140587695600,318,317.5,317,316.5,316,319,319.5,320,320.5,321
1683076140597834697,318,317.5,317,316.5,316,319,319.5,320,320.5,321
1683076140824733570,318,317.5,317,316.5,316,319,319.5,320,320.5,321
1683076140865273197,318,317.5,317,316.5,316,318.5,319,319.5,320,320.5
1683076140896019386,318,317.5,317,316.5,316,318.5,319,319.5,320,320.5
1683076140896019386,318,317.5,317,316.5,316,318.5,319,319.5,320,320.5
1683076140896133160,318,317.5,317,316.5,316,318.5,319,319.5,320,320.5
1683076140909445896,318,317.5,317,316.5,316,318.5,319,319.5,320,320.5
1683076140938888797,317.5,317,316.5,316,315.5,318.5,319,319.5,320,320.5
1683076140949266883,318,317.5,317,316.5,316,318.5,319,319.5,320,320.5
1683076140959298919,318,317.5,317,316.5,316,318.5,319,319.5,320,320.5
1683076140959298919,318,317.5,317,316.5,316,318.5,319,319.5,320,320.5
1683076140969678598,318,317.5,317,316.5,316,318.5,319,319.5,320,320.5
1683076140969787072,317.5,317,316.5,316,315.5,318.5,319,319.5,320,320.5
1683076140969787072,317.5,317,316.5,316,315.5,318.5,319,319.5,320,320.5
1683076141003365939,317.5,317,316.5,316,315.5,318.5,319,319.5,320,320.5
1683076141013590487,317.5,317,316.5,316,315.5,318.5,319,319.5,320,320.5
1683076141034286485,317.5,317,316.5,316,315.5,318.5,319,319.5,320,320.5
1683076141046500037,317.5,317,316.5,316,315.5,318.5,319,319.5,320,320.5
1683076144412308674,317.5,317,316.5,316,315.5,318.5,319,319.5,320,320.5
1683076144623269923,317.5,317,316.5,316,315.5,318.5,319,319.5,320,320.5
1683076145755791006,317.5,317,316.5,316,315.5,318.5,319,319.5,320,320.5
1683076145788698864,317.5,317,316.5,316,315.5,318.5,319,319.5,320,320.5
1683076145788698864,317.5,317,316.5,316,315.5,318.5,319,319.5,320,320.5
1683076148695702111,317.5,317,316.5,316,315.5,318,318.5,319,319.5,320
1683076148726857828,317.5,317,316.5,316,315.5,318,318.5,319,319.5,320
1683076148726857828,317.5,317,316.5,316,315.5,318,318.5,319,319.5,320
1683076148726971291,317.5,317,316.5,316,315.5,318,318.5,319,319.5,320
1683076149946993085,317,316.5,316,315.5,315,317.5,318,318.5,319,319.5
1683076149969528397,317,316.5,316,315.5,315,317.5,318,318.5,319,319.5
1683076149969528397,317,316.5,316,315.5,315,317.5,318,318.5,319,319.5
1683076149969665695,317,316.5,316,315.5,315,317.5,318,318.5,319,319.5
1683076149969665695,317,316.5,316,315.5,315,317.5,318,318.5,319,319.5
1683076149969665695,317,316.5,316,315.5,315,317.5,318,318.5,319,319.5
1683076149969665695,317,316.5,316,315.5,315,317.5,318,318.5,319,319.5
1683076149991992215,317,316.5,316,315.5,315,317.5,318,318.5,319,319.5
1683076150651801447,317,316.5,316,315.5,315,317.5,318,318.5,319,319.5
1683076151445157236,317,316.5,316,315.5,315,317.5,318,318.5,319,319.5
1683076155368223314,317,316.5,316,315.5,315,317.5,318,318.5,319,319.5
1683076155408194855,317,316.5,316,315.5,315,317.5,318,318.5,319,319.5
1683076157403130420,317,316.5,316,315.5,315,317.5,318,318.5,319,319.5
1683076157493073787,317,316.5,316,315.5,315,317.5,318,318.5,319,319.5
1683076158028776328,317,316.5,316,315.5,315,317.5,318,318.5,319,319.5
1683076159160690972,317,316.5,316,315.5,315,317.5,318,318.5,319,319.5
1683076161190651539,317,316.5,316,315.5,315,317.5,318,318.5,319,319.5
1683076163107573056,317,316.5,316,315.5,315,317.5,318,318.5,319,319.5
1683076163142343290,317,316.5,316,315.5,315,317.5,318,318.5,319,319.5
1683076164563266094,317,316.5,316,315.5,315,317.5,318,318.5,319,319.5
1683076164751779455,317,316.5,316,315.5,315,317.5,318,318.5,319,319.5
1683076165211508478,317,316.5,316,315.5,315,317.5,318,318.5,319,319.5
1683076166639216802,317,316.5,316,315.5,315,317.5,318,318.5,319,319.5
1683076167112563544,317,316.5,316,315.5,315,317.5,318,318.5,319,319.5
1683076167147382720,317,316.5,316,315.5,315,317.5,318,318.5,319,319.5
1683076167180318330,317,316.5,316,315.5,315,317.5,318,318.5,319,319.5
1683076167217527343,317,316.5,316,315.5,315,317.5,318,318.5,319,319.5
1683076167217527343,317,316.5,316,315.5,315,317.5,318,318.5,319,319.5
1683076167912782479,317,316.5,316,315.5,315,317.5,318,318.5,319,319.5
1683076170117461426,317,316.5,316,315.5,315,317.5,318,318.5,319,319.5
1683076170161002488,317,316.5,316,315.5,315,317.5,318,318.5,319,319.5
1683076170193864850,317,316.5,316,315.5,315,317.5,318,318.5,319,319.5
1683076170193864850,317,316.5,316,315.5,315,317.5,318,318.5,319,319.5
1683076170495977444,317,316.5,316,315.5,315,317.5,318,318.5,319,319.5
1683076171529112230,317,316.5,316,315.5,315,317.5,318,318.5,319,319.5
1683076172862369403,317,316.5,316,315.5,315,317.5,318,318.5,319,319.5
1683076177770566183,317,316.5,316,315.5,315,317.5,318,318.5,319,319.5
1683076178317330833,317,316.5,316,315.5,315,317.5,318,318.5,319,319.5
1683076178350220226,317,316.5,316,315.5,315,317.5,318,318.5,319,319.5
1683076178383032945,317,316.5,316,315.5,315,317.5,318,318.5,319,319.5
1683076178487341153,317,316.5,316,315.5,315,317.5,318,318.5,319,319.5
1683076179881739564,317,316.5,316,315.5,315,317.5,318,318.5,319,319.5
1683076179899460477,317,316.5,316,315.5,315,317.5,318,318.5,319,319.5
1683076180006977460,317,316.5,316,315.5,315,317.5,318,318.5,319,319.5
1683076181345353333,317,316.5,316,315.5,315,317.5,318,318.5,319,319.5
1683076181760152878,317,316.5,316,315.5,315,317.5,318,318.5,319,319.5
1683076183747572831,317,316.5,316,315.5,315,317.5,318,318.5,319,319.5
1683076185985107126,317,316.5,316,315.5,315,317.5,318,318.5,319,319.5
1683076189337622972,317,316.5,316,315.5,315,317.5,318,318.5,319,319.5
1683076189368404246,317,316.5,316,315.5,315,317.5,318,318.5,319,319.5
1683076190196858064,317,316.5,316,315.5,315,317.5,318,318.5,319,319.5
1683076193177981967,317,316.5,316,315.5,315,317.5,318,318.5,319,319.5
1683076193306751714,317,316.5,316,315.5,315,318,318.5,319,319.5,320
1683076193340029115,317,316.5,316,315.5,315,318,318.5,319,319.5,320
1683076193380469987,317,316.5,316,315.5,315,318,318.5,319,319.5,320
1683076196250743988,317.5,317,316.5,316,315.5,318,318.5,319,319.5,320
1683076196280569990,317,316.5,316,315.5,315,318,318.5,319,319.5,320
1683076196280569990,317,316.5,316,315.5,315,318,318.5,319,319.5,320
1683076196291061598,317,316.5,316,315.5,315,318,318.5,319,319.5,320
1683076196313236965,317,316.5,316,315.5,315,318,318.5,319,319.5,320
1683076196313236965,317,316.5,316,315.5,315,318,318.5,319,319.5,320
1683076196313236965,317,316.5,316,315.5,315,318,318.5,319,319.5,320
1683076196325405122,317,316.5,316,315.5,315,318,318.5,319,319.5,320
1683076196346853894,317,316.5,316,315.5,315,318,318.5,319,319.5,320
1683076198767809008,317,316.5,316,315.5,315,318,318.5,319,319.5,320
1683076198798550228,317,316.5,316,315.5,315,318,318.5,319,319.5,320
1683076198819179801,317,316.5,316,315.5,315,318,318.5,319,319.5,320
1683076198819179801,317,316.5,316,315.5,315,318,318.5,319,319.5,320
1683076199052533574,317,316.5,316,315.5,315,318,318.5,319,319.5,320
1683076199097631670,317,316.5,316,315.5,315,318,318.5,319,319.5,320
1683076199107780035,317,316.5,316,315.5,315,318,318.5,319,319.5,320
1683076199261237155,317,316.5,316,315.5,315,318,318.5,319,319.5,320
1683076199950610907,317,316.5,316,315.5,315,318,318.5,319,319.5,320
1683076200441291224,317,316.5,316,315.5,315,318,318.5,319,319.5,320
1683076202132906035,317.5,317,316.5,316,315.5,318,318.5,319,319.5,320
1683076202153342186,317.5,317,316.5,316,315.5,318,318.5,319,319.5,320
1683076202153367012,317,316.5,316,315.5,315,318,318.5,319,319.5,320
1683076202175899229,317,316.5,316,315.5,315,318,318.5,319,319.5,320
1683076202175899229,317,316.5,316,315.5,315,318,318.5,319,319.5,320
1683076202185983723,317,316.5,316,315.5,315,318,318.5,319,319.5,320
1683076202196983977,317,316.5,316,315.5,315,318,318.5,319,319.5,320
1683076202216676963,317,316.5,316,315.5,315,318,318.5,319,319.5,320
1683076202411494711,317,316.5,316,315.5,315,318,318.5,319,319.5,320
1683076202604957304,317,316.5,316,315.5,315,318,318.5,319,319.5,320
1683076205278463656,317,316.5,316,315.5,315,317.5,318,318.5,319,319.5
1683076205309224162,317,316.5,316,315.5,315,317.5,318,318.5,319,319.5
1683076205321482158,317,316.5,316,315.5,315,317.5,318,318.5,319,319.5
1683076205562159922,317,316.5,316,315.5,315,317.5,318,318.5,319,319.5
1683076206519674443,317,316.5,316,315.5,315,317.5,318,318.5,319,319.5
1683076206560520956,317,316.5,316,315.5,315,317.5,318,318.5,319,319.5
1683076206560520956,317,316.5,316,315.5,315,318,318.5,319,319.5,320
1683076206613611789,317,316.5,316,315.5,315,318,318.5,319,319.5,320
1683076206654824069,317,316.5,316,315.5,315,318,318.5,319,319.5,320
1683076208805180449,317,316.5,316,315.5,315,318,318.5,319,319.5,320
1683076212024602066,317,316.5,316,315.5,315,318,318.5,319,319.5,320
1683076212244908963,317,316.5,316,315.5,315,318,318.5,319,319.5,320
1683076212311503670,317,316.5,316,315.5,315,318,318.5,319,319.5,320
1683076216227462600,317,316.5,316,315.5,315,318,318.5,319,319.5,320
1683076216880906791,317,316.5,316,315.5,315,318,318.5,319,319.5,320
1683076216935969777,317.5,317,316.5,316,315.5,318,318.5,319,319.5,320
1683076216970677834,317.5,317,316.5,316,315.5,318,318.5,319,319.5,320
1683076216991466417,317.5,317,316.5,316,315.5,318,318.5,319,319.5,320
1683076217056859718,317.5,317,316.5,316,315.5,318,318.5,319,319.5,320
1683076217538100322,317.5,317,316.5,316,315.5,318,318.5,319,319.5,320
1683076218297323352,317.5,317,316.5,316,315.5,318,318.5,319,319.5,320
1683076218470806382,317.5,317,316.5,316,315.5,318,318.5,319,319.5,320
1683076220609696092,317.5,317,316.5,316,315.5,318,318.5,319,319.5,320
1683076220631539816,317,316.5,316,315.5,315,318,318.5,319,319.5,320
1683076220641806252,317,316.5,316,315.5,315,317.5,318,318.5,319,319.5
1683076220674489738,317,316.5,316,315.5,315,317.5,318,318.5,319,319.5
1683076220748176321,317,316.5,316,315.5,315,318,318.5,319,319.5,320
1683076220789574570,317,316.5,316,315.5,315,318,318.5,319,319.5,320
1683076221357715496,317.5,317,316.5,316,315.5,318,318.5,319,319.5,320
1683076221388590988,317.5,317,316.5,316,315.5,318,318.5,319,319.5,320
1683076221420011433,317.5,317,316.5,316,315.5,318,318.5,319,319.5,320
1683076221460871822,317.5,317,316.5,316,315.5,318,318.5,319,319.5,320
1683076222662253205,317.5,317,316.5,316,315.5,318,318.5,319,319.5,320
1683076222979494985,317.5,317,316.5,316,315.5,318,318.5,319,319.5,320
1683076224574944727,317.5,317,316.5,316,315.5,318,318.5,319,319.5,320
1683076224595449366,317.5,317,316.5,316,315.5,318,318.5,319,319.5,320
1683076226142871161,317.5,317,316.5,316,315.5,318,318.5,319,319.5,320
1683076226702053577,317.5,317,316.5,316,315.5,318,318.5,319,319.5,320
1683076229597866579,317.5,317,316.5,316,315.5,318,318.5,319,319.5,320
1683076230390363955,317.5,317,316.5,316,315.5,318,318.5,319,319.5,320
1683076230481465536,317.5,317,316.5,316,315.5,318,318.5,319,319.5,320
1683076230818598233,317.5,317,316.5,316,315.5,318,318.5,319,319.5,320
1683076230849029451,317.5,317,316.5,316,315.5,318,318.5,319,319.5,320
1683076232478911713,317.5,317,316.5,316,315.5,318,318.5,319,319.5,320
1683076232511389222,317.5,317,316.5,316,315.5,318,318.5,319,319.5,320
1683076232511403970,317.5,317,316.5,316,315.5,318,318.5,319,319.5,320
1683076233423640687,317.5,317,316.5,316,315.5,318,318.5,319,319.5,320
1683076233456894344,317.5,317,316.5,316,315.5,318,318.5,319,319.5,320
1683076234490558312,317.5,317,316.5,316,315.5,318,318.5,319,319.5,320
1683076235708258584,317.5,317,316.5,316,315.5,318,318.5,319,319.5,320
1683076237128309378,317.5,317,316.5,316,315.5,318,318.5,319,319.5,320
1683076237812455685,317.5,317,316.5,316,315.5,318,318.5,319,319.5,320
1683076239494783207,317.5,317,316.5,316,315.5,318,318.5,319,319.5,320
1683076239535841138,317.5,317,316.5,316,315.5,318,318.5,319,319.5,320
1683076240967348462,317.5,317,316.5,316,315.5,318,318.5,319,319.5,320
1683076245043257831,317,316.5,316,315.5,315,318,318.5,319,319.5,320
1683076245078537973,317,316.5,316,315.5,315,318,318.5,319,319.5,320
1683076245078537973,317,316.5,316,315.5,315,318,318.5,319,319.5,320
1683076245086894072,317,316.5,316,315.5,315,318,318.5,319,319.5,320
1683076245109559118,317,316.5,316,315.5,315,318,318.5,319,319.5,320
1683076245174990962,317,316.5,316,315.5,315,317.5,318,318.5,319,319.5
1683076245197475679,317,316.5,316,315.5,315,317.5,318,318.5,319,319.5
1683076245230626252,317,316.5,316,315.5,315,317.5,318,318.5,319,319.5
1683076245230626252,316.5,316,315.5,315,314.5,317.5,318,318.5,319,319.5
1683076245230626252,316.5,316,315.5,315,314.5,317.5,318,318.5,319,319.5
1683076245263644397,316.5,316,315.5,315,314.5,317.5,318,318.5,319,319.5
1683076245263644397,316.5,316,315.5,315,314.5,317.5,318,318.5,319,319.5
1683076245263644397,316.5,316,315.5,315,314.5,317.5,318,318.5,319,319.5
1683076245263644397,316.5,316,315.5,315,314.5,317.5,318,318.5,319,319.5
1683076245297947835,316.5,316,315.5,315,314.5,317.5,318,318.5,319,319.5
1683076245308049862,316.5,316,315.5,315,314.5,317.5,318,318.5,319,319.5
1683076246604153554,316.5,316,315.5,315,314.5,317.5,318,318.5,319,319.5
1683076251038421173,316.5,316,315.5,315,314.5,317,317.5,318,318.5,319
1683076251071280289,316.5,316,315.5,315,314.5,317,317.5,318,318.5,319
1683076251071305646,316.5,316,315.5,315,314.5,317,317.5,318,318.5,319
1683076251083670522,316.5,316,315.5,315,314.5,317,317.5,318,318.5,319
1683076251105658887,316.5,316,315.5,315,314.5,317,317.5,318,318.5,319
1683076251128571728,316,315.5,315,314.5,314,317,317.5,318,318.5,319
1683076251172655079,316,315.5,315,314.5,314,317,317.5,318,318.5,319
1683076251172655079,316,315.5,315,314.5,314,317,317.5,318,318.5,319
1683076251172655079,316,315.5,315,314.5,314,317,317.5,318,318.5,319
1683076251172655079,316,315.5,315,314.5,314,317,317.5,318,318.5,319
1683076251172764364,316,315.5,315,314.5,314,317,317.5,318,318.5,319
1683076251172906241,316,315.5,315,314.5,314,317,317.5,318,318.5,319
1683076251205468810,316,315.5,315,314.5,314,317,317.5,318,318.5,319
1683076251216020732,316,315.5,315,314.5,314,317,317.5,318,318.5,319
1683076251216056279,316,315.5,315,314.5,314,317,317.5,318,318.5,319
1683076251248369289,316,315.5,315,314.5,314,317,317.5,318,318.5,319
1683076251248369289,316,315.5,315,314.5,314,317,317.5,318,318.5,319
1683076251260779731,316,315.5,315,314.5,314,317,317.5,318,318.5,319
1683076251270941721,316,315.5,315,314.5,314,317,317.5,318,318.5,319
1683076251361271203,316,315.5,315,314.5,314,317,317.5,318,318.5,319
1683076252928844884,316,315.5,315,314.5,314,317,317.5,318,318.5,319
1683076253152484498,316,315.5,315,314.5,314,317,317.5,318,318.5,319
1683076254652238110,316,315.5,315,314.5,314,317,317.5,318,318.5,319
1683076256438108113,316,315.5,315,314.5,314,317,317.5,318,318.5,319
1683076256458682413,316,315.5,315,314.5,314,317,317.5,318,318.5,319
1683076257135298180,316,315.5,315,314.5,314,317,317.5,318,318.5,319
1683076258175892981,316,315.5,315,314.5,314,317,317.5,318,318.5,319
1683076261002154382,316,315.5,315,314.5,314,317,317.5,318,318.5,319
1683076261794617212,316,315.5,315,314.5,314,317,317.5,318,318.5,319
1683076262888659585,316,315.5,315,314.5,314,317,317.5,318,318.5,319
1683076263852867673,316,315.5,315,314.5,314,317,317.5,318,318.5,319
1683076264366120922,316,315.5,315,314.5,314,317,317.5,318,318.5,319
1683076264518638578,316,315.5,315,314.5,314,317,317.5,318,318.5,319
1683076265927729623,316,315.5,315,314.5,314,316.5,317,317.5,318,318.5
1683076265960629065,316,315.5,315,314.5,314,316.5,317,317.5,318,318.5
1683076265960748639,316,315.5,315,314.5,314,316.5,317,317.5,318,318.5
1683076265995348975,316,315.5,315,314.5,314,316.5,317,317.5,318,318.5
1683076266062754094,316,315.5,315,314.5,314,316.5,317,317.5,318,318.5
1683076266449185774,316,315.5,315,314.5,314,316.5,317,317.5,318,318.5
1683076267587569783,316,315.5,315,314.5,314,316.5,317,317.5,318,318.5
1683076267618313216,316,315.5,315,314.5,314,316.5,317,317.5,318,318.5
1683076268453793416,316,315.5,315,314.5,314,316.5,317,317.5,318,318.5
1683076269337981749,316,315.5,315,314.5,314,316.5,317,317.5,318,318.5
1683076276148552028,316,315.5,315,314.5,314,316.5,317,317.5,318,318.5
1683076276935739022,316,315.5,315,314.5,314,316.5,317,317.5,318,318.5
1683076276956542142,316,315.5,315,314.5,314,316.5,317,317.5,318,318.5
1683076276976800669,316,315.5,315,314.5,314,316.5,317,317.5,318,318.5
1683076277067003723,316,315.5,315,314.5,314,316.5,317,317.5,318,318.5
1683076277067003723,316,315.5,315,314.5,314,316.5,317,317.5,318,318.5
1683076277305326145,316,315.5,315,314.5,314,316.5,317,317.5,318,318.5
1683076277361871214,316,315.5,315,314.5,314,316.5,317,317.5,318,318.5
1683076278343821594,316,315.5,315,314.5,314,316.5,317,317.5,318,318.5
1683076278513814841,316,315.5,315,314.5,314,316.5,317,317.5,318,318.5
1683076279497783541,316,315.5,315,314.5,314,316.5,317,317.5,318,318.5
1683076279528510824,316,315.5,315,314.5,314,316.5,317,317.5,318,318.5
1683076281528899464,316,315.5,315,314.5,314,316.5,317,317.5,318,318.5
1683076281743461293,316,315.5,315,314.5,314,316.5,317,317.5,318,318.5
1683076281888877455,316,315.5,315,314.5,314,316.5,317,317.5,318,318.5
1683076283478181586,316,315.5,315,314.5,314,316.5,317,317.5,318,318.5
1683076283513155904,316,315.5,315,314.5,314,316.5,317,317.5,318,318.5
1683076284534015138,316,315.5,315,314.5,314,316.5,317,317.5,318,318.5
1683076284546173196,316,315.5,315,314.5,314,316.5,317,317.5,318,318.5
1683076284578146539,316,315.5,315,314.5,314,316.5,317,317.5,318,318.5
1683076286077311837,316,315.5,315,314.5,314,316.5,317,317.5,318,318.5
1683076286160303361,316,315.5,315,314.5,314,316.5,317,317.5,318,318.5
1683076288155783143,316,315.5,315,314.5,314,316.5,317,317.5,318,318.5
1683076288788038890,316,315.5,315,314.5,314,316.5,317,317.5,318,318.5
1683076288889839540,316,315.5,315,314.5,314,316.5,317,317.5,318,318.5
1683076289317666824,316,315.5,315,314.5,314,316.5,317,317.5,318,318.5
1683076290939041080,316,315.5,315,314.5,314,316.5,317,317.5,318,318.5
1683076291139793210,316,315.5,315,314.5,314,316.5,317,317.5,318,318.5
1683076292297038862,316,315.5,315,314.5,314,316.5,317,317.5,318,318.5
1683076293253291663,316,315.5,315,314.5,314,316.5,317,317.5,318,318.5
1683076294756981154,316,315.5,315,314.5,314,316.5,317,317.5,318,318.5
1683076297900655835,316,315.5,315,314.5,314,316.5,317,317.5,318,318.5
1683076298561834968,316,315.5,315,314.5,314,316.5,317,317.5,318,318.5
1683076302826574298,316,315.5,315,314.5,314,316.5,317,317.5,318,318.5
1683076303499637565,316,315.5,315,314.5,314,316.5,317,317.5,318,318.5
1683076304059837901,316,315.5,315,314.5,314,316.5,317,317.5,318,318.5
1683076310003852279,316,315.5,315,314.5,314,316.5,317,317.5,318,318.5
1683076310838932026,316,315.5,315,314.5,314,316.5,317,317.5,318,318.5
1683076311639134668,316,315.5,315,314.5,314,316.5,317,317.5,318,318.5
1683076313040243575,316,315.5,315,314.5,314,316.5,317,317.5,318,318.5
1683076314140087771,316,315.5,315,314.5,314,316.5,317,317.5,318,318.5
1683076316246813477,316,315.5,315,314.5,314,316.5,317,317.5,318,318.5
1683076320773634096,316,315.5,315,314.5,314,316.5,317,317.5,318,318.5
1683076320953965044,316,315.5,315,314.5,314,316.5,317,317.5,318,318.5
1683076322508367463,316,315.5,315,314.5,314,316.5,317,317.5,318,318.5
1683076322676212707,316,315.5,315,314.5,314,316.5,317,317.5,318,318.5
1683076322797010195,316,315.5,315,314.5,314,316.5,317,317.5,318,318.5
1683076323083860482,316,315.5,315,314.5,314,316.5,317,317.5,318,318.5
1683076326421581170,316,315.5,315,314.5,314,316.5,317,317.5,318,318.5
1683076327806524384,316,315.5,315,314.5,314,316.5,317,317.5,318,318.5
1683076330793625693,316,315.5,315,314.5,314,317,317.5,318,318.5,319
1683076332412636770,316.5,316,315.5,315,314.5,317,317.5,318,318.5,319
1683076332445532675,316.5,316,315.5,315,314.5,317,317.5,318,318.5,319
1683076332445532675,316.5,316,315.5,315,314.5,317,317.5,318,318.5,319
1683076332445662158,316.5,316,315.5,315,314.5,317,317.5,318,318.5,319
1683076332478255355,316.5,316,315.5,315,314.5,317,317.5,318,318.5,319
1683076335081117119,316.5,316,315.5,315,314.5,317,317.5,318,318.5,319
1683076335292014718,316.5,316,315.5,315,314.5,317,317.5,318,318.5,319
1683076341238461851,316.5,316,315.5,315,314.5,317,317.5,318,318.5,319
1683076342853471595,316.5,316,315.5,315,314.5,317,317.5,318,318.5,319
1683076347050699193,316.5,316,315.5,315,314.5,317,317.5,318,318.5,319
1683076351289203310,316.5,316,315.5,315,314.5,317,317.5,318,318.5,319
1683076354777950232,316.5,316,315.5,315,314.5,317,317.5,318,318.5,319
1683076354808675281,316.5,316,315.5,315,314.5,317,317.5,318,318.5,319
1683076359033695480,316.5,316,315.5,315,314.5,317,317.5,318,318.5,319
1683076359078882032,316.5,316,315.5,315,314.5,317,317.5,318,318.5,319
1683076359396258244,316.5,316,315.5,315,314.5,317,317.5,318,318.5,319
1683076359428078098,316.5,316,315.5,315,314.5,317,317.5,318,318.5,319
1683076359460495244,316.5,316,315.5,315,314.5,317,317.5,318,318.5,319
1683076360184871375,316.5,316,315.5,315,314.5,317,317.5,318,318.5,319
1683076362583053935,316.5,316,315.5,315,314.5,317,317.5,318,318.5,319
1683076362740668510,316.5,316,315.5,315,314.5,317,317.5,318,318.5,319
1683076363882793160,316.5,316,315.5,315,314.5,317,317.5,318,318.5,319
1683076364012414536,316.5,316,315.5,315,314.5,317,317.5,318,318.5,319
1683076364717148977,316.5,316,315.5,315,314.5,317,317.5,318,318.5,319
1683076366064618019,316.5,316,315.5,315,314.5,317,317.5,318,318.5,319
1683076367251994764,316.5,316,315.5,315,314.5,317,317.5,318,318.5,319
1683076369456108292,316.5,316,315.5,315,314.5,317,317.5,318,318.5,319
1683076369489110306,316.5,316,315.5,315,314.5,317,317.5,318,318.5,319
1683076371594292291,316.5,316,315.5,315,314.5,317,317.5,318,318.5,319
1683076372244602956,316.5,316,315.5,315,314.5,317,317.5,318,318.5,319
1683076372286536711,316.5,316,315.5,315,314.5,317,317.5,318,318.5,319
1683076374265898938,316.5,316,315.5,315,314.5,317,317.5,318,318.5,319
1683076375693603830,316.5,316,315.5,315,314.5,317,317.5,318,318.5,319
1683076378587211173,316.5,316,315.5,315,314.5,317,317.5,318,318.5,319
1683076379357413596,316.5,316,315.5,315,314.5,317,317.5,318,318.5,319
1683076382575228076,316.5,316,315.5,315,314.5,317,317.5,318,318.5,319
1683076382617771064,316.5,316,315.5,315,314.5,317.5,318,318.5,319,319.5
1683076382651437336,316.5,316,315.5,315,314.5,317.5,318,318.5,319,319.5
1683076384274538661,316.5,316,315.5,315,314.5,317.5,318,318.5,319,319.5
1683076386855000285,317,316.5,316,315.5,315,317.5,318,318.5,319,319.5
1683076386887896350,317,316.5,316,315.5,315,317.5,318,318.5,319,319.5
1683076386887896350,317,316.5,316,315.5,315,317.5,318,318.5,319,319.5
1683076386922145496,317,316.5,316,315.5,315,317.5,318,318.5,319,319.5
1683076386973225604,317,316.5,316,315.5,315,317.5,318,318.5,319,319.5
1683076389361980992,317,316.5,316,315.5,315,317.5,318,318.5,319,319.5
1683076389716200250,317,316.5,316,315.5,315,317.5,318,318.5,319,319.5
1683076389749069535,317,316.5,316,315.5,315,317.5,318,318.5,319,319.5
1683076390064499753,317,316.5,316,315.5,315,317.5,318,318.5,319,319.5
1683076390814945962,317,316.5,316,315.5,315,317.5,318,318.5,319,319.5
1683076390814945962,317,316.5,316,315.5,315,317.5,318,318.5,319,319.5
1683076391394621493,317,316.5,316,315.5,315,317.5,318,318.5,319,319.5
1683076394397990823,317,316.5,316,315.5,315,317.5,318,318.5,319,319.5
1683076394408126544,317,316.5,316,315.5,315,317.5,318,318.5,319,319.5
1683076394958045966,317,316.5,316,315.5,315,317.5,318,318.5,319,319.5
1683076396736813679,317,316.5,316,315.5,315,317.5,318,318.5,319,319.5
1683076399265123673,317,316.5,316,315.5,315,318,318.5,319,319.5,320
1683076401833341127,317,316.5,316,315.5,315,318,318.5,319,319.5,320
1683076402873724958,317,316.5,316,315.5,315,317.5,318,318.5,319,319.5
1683076402897971193,317,316.5,316,315.5,315,317.5,318,318.5,319,319.5
1683076402907453216,317,316.5,316,315.5,315,317.5,318,318.5,319,319.5
1683076403972393796,317,316.5,316,315.5,315,317.5,318,318.5,319,319.5
1683076405555595616,317,316.5,316,315.5,315,317.5,318,318.5,319,319.5
1683076406266210167,317,316.5,316,315.5,315,317.5,318,318.5,319,319.5
1683076406296899248,317,316.5,316,315.5,315,317.5,318,318.5,319,319.5
1683076406330111738,317,316.5,316,315.5,315,317.5,318,318.5,319,319.5
1683076407781740578,317,316.5,316,315.5,315,317.5,318,318.5,319,319.5
1683076408882698754,317,316.5,316,315.5,315,317.5,318,318.5,319,319.5
1683076408915390595,317,316.5,316,315.5,315,317.5,318,318.5,319,319.5
1683076408950726271,317,316.5,316,315.5,315,317.5,318,318.5,319,319.5
1683076409273679414,317,316.5,316,315.5,315,317.5,318,318.5,319,319.5
1683076409283943396,317,316.5,316,315.5,315,317.5,318,318.5,319,319.5
1683076411911803203,317,316.5,316,315.5,315,317.5,318,318.5,319,319.5
1683076411955080530,317,316.5,316,315.5,315,317.5,318,318.5,319,319.5
1683076411989762688,317,316.5,316,315.5,315,318,318.5,319,319.5,320
1683076411999748758,317,316.5,316,315.5,315,317.5,318,318.5,319,319.5
1683076412046814248,317,316.5,316,315.5,315,318,318.5,319,319.5,320
1683076412091858693,317,316.5,316,315.5,315,318,318.5,319,319.5,320
1683076418667967402,317,316.5,316,315.5,315,318,318.5,319,319.5,320
1683076418710015521,317,316.5,316,315.5,315,318,318.5,319,319.5,320
1683076420841872790,317,316.5,316,315.5,315,318,318.5,319,319.5,320
1683076421269042278,317,316.5,316,315.5,315,318,318.5,319,319.5,320
1683076423709285788,317,316.5,316,315.5,315,318,318.5,319,319.5,320
1683076424409513727,317,316.5,316,315.5,315,318,318.5,319,319.5,320
1683076424981354789,317.5,317,316.5,316,315.5,318,318.5,319,319.5,320
1683076425021995866,317.5,317,316.5,316,315.5,318,318.5,319,319.5,320
1683076425021995866,317.5,317,316.5,316,315.5,318,318.5,319,319.5,320
1683076425054866473,317.5,317,316.5,316,315.5,318,318.5,319,319.5,320
1683076426544015962,317.5,317,316.5,316,315.5,318,318.5,319,319.5,320
1683076426609322050,317.5,317,316.5,316,315.5,318,318.5,319,319.5,320
1683076427897873578,317.5,317,316.5,316,315.5,318,318.5,319,319.5,320
1683076427907855279,317.5,317,316.5,316,315.5,318,318.5,319,319.5,320
1683076430426819805,317.5,317,316.5,316,315.5,318,318.5,319,319.5,320
1683076431548071172,317.5,317,316.5,316,315.5,318,318.5,319,319.5,320
1683076434536144661,317.5,317,316.5,316,315.5,318,318.5,319,319.5,320
1683076434919038006,317.5,317,316.5,316,315.5,318,318.5,319,319.5,320
1683076435270299861,317.5,317,316.5,316,315.5,318,318.5,319,319.5,320
1683076439372425820,317.5,317,316.5,316,315.5,318,318.5,319,319.5,320
1683076439982221805,317.5,317,316.5,316,315.5,318,318.5,319,319.5,320
1683076440015619031,317.5,317,316.5,316,315.5,318,318.5,319,319.5,320
1683076440015619031,317.5,317,316.5,316,315.5,318,318.5,319,319.5,320
1683076443309872419,317.5,317,316.5,316,315.5,318,318.5,319,319.5,320
1683076444156694912,317.5,317,316.5,316,315.5,318,318.5,319,319.5,320
1683076444199053524,317.5,317,316.5,316,315.5,318,318.5,319,319.5,320
1683076444217334999,317.5,317,316.5,316,315.5,318,318.5,319,319.5,320
1683076444319543184,317.5,317,316.5,316,315.5,318,318.5,319,319.5,320
1683076444540803179,317.5,317,316.5,316,315.5,318,318.5,319,319.5,320
1683076452025231774,317.5,317,316.5,316,315.5,318,318.5,319,319.5,320
1683076452283239817,317.5,317,316.5,316,315.5,318,318.5,319,319.5,320
1683076455200602078,317.5,317,316.5,316,315.5,318,318.5,319,319.5,320
1683076463691710460,317.5,317,316.5,316,315.5,318,318.5,319,319.5,320
1683076467091481235,317.5,317,316.5,316,315.5,318,318.5,319,319.5,320
1683076468736056146,317.5,317,316.5,316,315.5,318,318.5,319,319.5,320
1683076471437579250,317.5,317,316.5,316,315.5,318,318.5,319,319.5,320
1683076471480578365,317.5,317,316.5,316,315.5,318,318.5,319,319.5,320
1683076471925838599,317.5,317,316.5,316,315.5,318,318.5,319,319.5,320
1683076472535092887,317.5,317,316.5,316,315.5,318,318.5,319,319.5,320
1683076474498290099,317.5,317,316.5,316,315.5,318,318.5,319,319.5,320
