Timestamp,BidPrice0,BidPrice1,BidPrice2,BidPrice3,BidPrice4,AskPrice0,AskPrice1,AskPrice2,AskPrice3,AskPrice4
1683757807517737920,0,0,0,0,0,0,0,0,0,0
1683765007453514911,320,319,0,0,0,325,335,339,347,350
1683765012471188987,320,319,317.5,315,312,325,335,337,339,347
1683765017482707784,322,321,320.5,320,319,325,333,335,336,337
1683765022486033376,322,321,320.5,320,319,325,331,333,333.5,335
1683765027513882728,322,321,320.5,320,319,325,331,333,333.5,335
1683765032529521510,322,321,320.5,320,319,325,331,333,333.5,334
1683765037553654553,322,321,320.5,320,319,325,331,331.5,333,333.5
1683765047582460516,322,321,320.5,320,319,325,331,331.5,333,333.5
1683765057609603484,322,321,320.5,320,319,325,331,331.5,333,333.5
1683765062635511568,322,321,320.5,320,319,325,329,331,331.5,333
1683765067638910615,322,321,320.5,320,319,325,329,330,331,331.5
1683765072660691749,322,321,320.5,320,319,325,329,329.5,330,331
1683765077680385663,322,321,320.5,320,319,325,329,329.5,330,331
1683765082689789445,323,322,321,320.5,320,323.5,325,329,329.5,330
1683765087707296011,322,321,320.5,320,319,323.5,325,329,329.5,330
1683765092716799167,322,321,320.5,320,319,323.5,325,329,329.5,330
1683765102750023308,322,321,320.5,320,319,323.5,325,329,329.5,330
1683765107775786508,323.5,323,322,321.5,321,325,329,329.5,330,331
1683765112783326932,323.5,323,322,321.5,321,325,329,329.5,330,331
1683765127834155632,323.5,323,322,321.5,321,325,329,329.5,330,331
1683765142888970693,323.5,323,322,321.5,321,325,329,329.5,330,331
1683765147906781396,323.5,323,322,321.5,321,325,328,329,329.5,330
1683765188023480587,324,323.5,323,322,321.5,325,328,329,329.5,330
1683765193034855042,324,323.5,323,322,321.5,325,328,329,329.5,330
1683765198058801893,324,323.5,323,322,321.5,325,328,329,329.5,330
1683765203068258337,324,323.5,323,322,321.5,325,328,329,329.5,330
1683765208087914223,324,323.5,323,322,321.5,325,328,329,329.5,330
1683765253224290991,324,323.5,323,322,321.5,325,328,329,329.5,330
1683765263251293755,324,323.5,323,322,321.5,325,328,329,329.5,330
1683765333494419689,324,323.5,323,322,321.5,325,328,329,329.5,330
1683765343523521556,324,323.5,323,322,321.5,325,328,329,329.5,330
1683765363580904927,324,323.5,323,322,321.5,325,328,329,329.5,330
1683765373608078621,324,323.5,323,322,321.5,325,328,329,329.5,330
1683765509057088584,324,323.5,323,322,321.5,325,328,329,329.5,330
1683765539142589878,324,323.5,323,322,321.5,328,329,329.5,330,330.5
1683765635241829971,324,323.5,323,322,321.5,328,329,329.5,330,330.5
1683765680367978507,324,323.5,323,322,321.5,328,329,329.5,330,330.5
1683765715469078471,324,323.5,323,322,321.5,328,329,329.5,330,330.5
1683765720495009334,324,323.5,323,322,321.5,328,329,329.5,330,330.5
1683765725502270894,324,323.5,323,322,321.5,328,329,329.5,330,330.5
1683765780680179878,324,323.5,323,322,321.5,328,329,329.5,330,330.5
1683765810765512534,324,323.5,323,322,321.5,328,329,329.5,330,330.5
1683765825837054543,324,323.5,323,322,321.5,325,328,329,329.5,330
1683765926145159242,324,323.5,323,322,321.5,325,328,329,329.5,330
1683765966282165930,324,323.5,323,322,321.5,325,328,329,329.5,330
1683765986344728367,324,323.5,323,322,321.5,325,328,329,329.5,330
1683765991364332402,324,323.5,323,322,321.5,325,328,329,329.5,330
1683766001391497542,324,323.5,323,322,321.5,328,329,329.5,330,330.5
1683766006411131665,324,323.5,323,322,321.5,328,329,329.5,330,330.5
1683766011432841847,324,323.5,323,322,321.5,328,329,329.5,330,330.5
1683766026481843182,325,324,323.5,323,322,328,329,329.5,330,330.5
1683766031497326795,325,324,323.5,323,322,328,329,329.5,330,330.5
1683766036513094251,323,322,321.5,321,320.5,325,328,329,329.5,330
1683766041518349690,323,322,321.5,321,320.5,325,328,329,329.5,330
1683766051564006061,322,321.5,321,320.5,320,325,328,329,329.5,330
1683766091692906149,322,321.5,321,320.5,320,325,328,329,329.5,330
1683766096710502637,324,323.5,323,322,321.5,325,328,329,329.5,330
1683766111749222945,324,323.5,323,322,321.5,325,328,329,329.5,330
1683766121803015999,324,323.5,323,322,321.5,328,329,329.5,330,330.5
1683766131815742457,325,324,323.5,323,322,328,329,329.5,330,330.5
1683766181991322556,325,324,323.5,323,322,328,329,329.5,330,330.5
1683766192423814327,325,324,323.5,323,322,328,329,329.5,330,330.5
1683766197627837298,325,324,323.5,323,322,328,329,329.5,330,330.5
1683766212875382799,325,324,323.5,323,322,328,329,329.5,330,330.5
1683766232941835719,325,324,323.5,323,322,328,329,329.5,330,330.5
1683766237965777185,325,324,323.5,323,322,328,329,329.5,330,330.5
1683766242991567704,325,324,323.5,323,322,328,329,329.5,330,330.5
1683766247994866291,325.5,325,324,323.5,323,328,329,329.5,330,330.5
1683766253020830817,327,325.5,325,324,323.5,328,329,329.5,330,330.5
1683766293151726305,325,324,323.5,323,322,328,329,329.5,330,330.5
1683766303182959848,325,324,323.5,323,322,327.5,328,329,329.5,330
1683766328250808308,325,324,323.5,323,322,327.5,328,329,329.5,330
1683766348319363213,325,324,323.5,323,322,327.5,328,329,329.5,330
1683766358346544360,325.5,325,324,323.5,323,327.5,328,329,329.5,330
1683766368383866108,325.5,325,324,323.5,323,327.5,328,329,329.5,330
1683766373405504284,325.5,325,324,323.5,323,327.5,328,329,329.5,330
1683766413538556630,325,324,323.5,323,322,327.5,328,329,329.5,330
1683766433607044374,325,324,323.5,323,322,327.5,328,329,329.5,330
1683766443628170318,325.5,325,324,323.5,323,327.5,328,329,329.5,330
1683766453673682443,325.5,325,324,323.5,323,327.5,328,329,329.5,330
1683766458678948656,325,324,323.5,323,322,327.5,328,329,329.5,330
1683766473727962425,325,324,323.5,323,322,327.5,328,329,329.5,330
1683766478741596733,325,324,323.5,323,322,327.5,328,329,329.5,330
1683766488793137805,325,324,323.5,323,322,327.5,328,329,329.5,330
1683766503829854593,325.5,325,324,323.5,323,327.5,328,329,329.5,330
1683766513863114224,325.5,325,324,323.5,323,327.5,328,329,329.5,330
1683766518870460118,325.5,325,324,323.5,323,327,327.5,328,329,329.5
1683766528907753416,325.5,325,324,323.5,323,327,327.5,328,329,329.5
1683766533921352362,325.5,325,324,323.5,323,327.5,328,329,329.5,330
1683766538943085062,325.5,325,324,323.5,323,327,327.5,328,329,329.5
1683766543960841706,325.5,325,324,323.5,323,327,327.5,328,329,329.5
1683766548976445549,325.5,325,324,323.5,323,327,327.5,328,329,329.5
1683766553994042314,325.5,325,324,323.5,323,327,327.5,328,329,329.5
1683766559017665465,325.5,325,324,323.5,323,327,327.5,328,329,329.5
1683766574050304188,325.5,325,324,323.5,323,327,327.5,328,329,329.5
1683766584089797116,325.5,325,324,323.5,323,327,327.5,328,329,329.5
1683766594127027628,325.5,325,324.5,324,323.5,327,327.5,328,329,329.5
1683766604160267910,325.5,325,324.5,324,323.5,327,327.5,328,329,329.5
1683766619203111697,325.5,325,324.5,324,323.5,327,327.5,328,329,329.5
1683766639257335579,325.5,325,324.5,324,323.5,327,327.5,328,329,329.5
1683766644275001653,325.5,325,324.5,324,323.5,327,327.5,328,329,329.5
1683766654292959600,325.5,325,324.5,324,323.5,327,327.5,328,329,329.5
1683766659326867973,326,325.5,325,324,323.5,327,327.5,328,329,329.5
1683766679395504211,326,325.5,325,324,323.5,327,327.5,328,329,329.5
1683766684409049402,326,325.5,325,324,323.5,327,327.5,328,329,329.5
1683766689426759092,326,325.5,325,324,323.5,327,327.5,328,329,329.5
1683766694442415698,326,325.5,325,324,323.5,327,327.5,328,329,329.5
1683766699462067325,326,325.5,325,324,323.5,327,327.5,328,329,329.5
1683766704459179892,326,325.5,325,324,323.5,327,327.5,328,329,329.5
1683766709480973142,326,325.5,325,324,323.5,327,327.5,328,329,329.5
1683766714508825299,326,325.5,325,324,323.5,327,327.5,328,329,329.5
1683766719518286374,326,325.5,325,324,323.5,327,327.5,328,329,329.5
1683766724538045876,326,325.5,325,324,323.5,327,327.5,328,329,329.5
1683766734571259473,326,325.5,325,324,323.5,327,327.5,328,329,329.5
1683766739582860067,326.5,326,325.5,325,324,327,327.5,328,329,329.5
1683766744600538173,326.5,326,325.5,325,324,327,327.5,328,329,329.5
1683766749614020121,326.5,326,325.5,325,324,327,327.5,328,328.5,329
1683766754639861045,326.5,326,325.5,325,324,327,327.5,328,329,329.5
1683766759649355195,326.5,326,325.5,325,324,327,327.5,328,329,329.5
1683766764660928240,327,326.5,326,325.5,325,327.5,328,329,329.5,330
1683766769676359389,327,326,325.5,325,324,327.5,328,329,329.5,330
1683766774702483387,327,326,325.5,325,324,327.5,328,329,329.5,330
1683766784934251250,327,326,325.5,325,324,327.5,328,329,329.5,330
1683766790146509826,327,326,325.5,325,324,327.5,328,329,329.5,330
1683766795362892736,327,326,325.5,325,324,327.5,328,329,329.5,330
1683766807605195730,325.5,325,324,323.5,323,326,327,327.5,328,329
1683766807637573223,325.5,325,324,323.5,323,326,327,327.5,328,328.5
1683766807637685164,325,324,323.5,323,322,326,327,327.5,328,328.5
1683766807668332539,325,324,323.5,323,322,326,327,327.5,328,329
1683766807699160323,325,324,323.5,323,322,326,327,327.5,328,329
1683766807731792525,325,324,323.5,323,322,325.5,326,327,327.5,328
1683766808110619843,325,324,323.5,323,322,326,327,327.5,328,329
1683766808110619843,325,324,323.5,323,322,325.5,326,327,327.5,328
1683766808133469096,325,324,323.5,323,322,326,327,327.5,328,329
1683766808676913839,325,324,323.5,323,322,327,327.5,328,329,329.5
1683766808707607922,325,324,323.5,323,322,327,327.5,328,329,329.5
1683766808717880741,325,324,323.5,323,322,326.5,327,327.5,328,329
1683766810671878060,325,324,323.5,323,322,326.5,327,327.5,328,329
1683766810671878060,325,324,323.5,323,322,326.5,327,327.5,328,329
1683766810671878060,325,324,323.5,323,322,326.5,327,327.5,328,329
1683766810702443711,325,324,323.5,323,322,326.5,327.5,328,329,329.5
1683766810712735816,325,324,323.5,323,322,326.5,327.5,328,329,329.5
1683766811049351345,325,324,323.5,323,322,326.5,327.5,328,329,329.5
1683766811092977530,325,324,323.5,323,322,327.5,328,329,329.5,330
1683766811093012125,325,324,323.5,323,322,326,327.5,328,329,329.5
1683766812320468608,325,324,323.5,323,322,327.5,328,329,329.5,330
1683766812353352623,325.5,325,324,323.5,323,327.5,328,329,329.5,330
1683766812363373770,325.5,325,324,323.5,323,327.5,328,329,329.5,330
1683766812384076362,325.5,325,324,323.5,323,327.5,328,329,329.5,330
1683766812394208627,325.5,325,324,323.5,323,327.5,328,328.5,329,329.5
1683766812491591118,325.5,325,324,323.5,323,327.5,328,328.5,329,329.5
1683766812707485003,325.5,325,324,323.5,323,327.5,328,328.5,329,329.5
1683766812740959817,325.5,325,324.5,324,323.5,327.5,328,328.5,329,329.5
1683766812830232060,325.5,325,324.5,324,323.5,327.5,328,328.5,329,329.5
1683766812850837349,325.5,325,324.5,324,323.5,327,327.5,328,328.5,329
1683766812863319246,325.5,325,324.5,324,323.5,327,327.5,328,328.5,329
1683766812885670624,325.5,325,324.5,324,323.5,327,327.5,328,328.5,329
1683766814841689899,325.5,325,324.5,324,323.5,327.5,328,328.5,329,329.5
1683766814870546252,325.5,325,324.5,324,323.5,327.5,328,328.5,329,329.5
1683766814870546252,326,325.5,325,324.5,324,327.5,328,328.5,329,329.5
1683766814903299411,326,325.5,325,324.5,324,327.5,328,329,329.5,330
1683766814903299411,325.5,325,324.5,324,323.5,327.5,328,329,329.5,330
1683766814934740657,325.5,325,324.5,324,323.5,327.5,328,329,329.5,330
1683766814934740657,325.5,325,324.5,324,323.5,327.5,328,329,329.5,330
1683766814946154719,325.5,325,324.5,324,323.5,327,327.5,328,329,329.5
1683766814966392468,325.5,325,324.5,324,323.5,327,327.5,328,328.5,329
1683766814976718537,325.5,325,324.5,324,323.5,327,327.5,328,328.5,329
1683766815832550266,326.5,325.5,325,324.5,324,327,327.5,328,328.5,329
1683766815853810245,326.5,325.5,325,324.5,324,327,327.5,328,329,329.5
1683766815853866952,325.5,325,324.5,324,323.5,327,327.5,328,329,329.5
1683766815874607666,325.5,325,324.5,324,323.5,327,327.5,328,329,329.5
1683766815874607666,325.5,325,324.5,324,323.5,327,327.5,328,329,329.5
1683766815894714600,325.5,325,324.5,324,323.5,327,327.5,328,328.5,329
1683766817743703328,325.5,325,324.5,324,323.5,327,327.5,328,328.5,329
1683766818102085397,325.5,325,324.5,324,323.5,327,327.5,328,328.5,329
1683766818810671489,325.5,325,324.5,324,323.5,327,327.5,328,328.5,329
1683766819393532102,325.5,325,324.5,324,323.5,327,327.5,328,328.5,329
1683766819589896176,325.5,325,324.5,324,323.5,327,327.5,328,328.5,329
1683766820098822546,326.5,325.5,325,324.5,324,327,327.5,328,328.5,329
1683766820122063886,326.5,325.5,325,324.5,324,327,327.5,328,329,329.5
1683766820122063886,325.5,325,324.5,324,323.5,327,327.5,328,329,329.5
1683766820143028099,325.5,325,324.5,324,323.5,327,327.5,328,329,329.5
1683766820143028099,325.5,325,324.5,324,323.5,327,327.5,328,329,329.5
1683766820163410420,325.5,325,324.5,324,323.5,327,327.5,328,328.5,329
1683766820273956338,325.5,325,324.5,324,323.5,327,327.5,328,328.5,329
1683766820395885960,325.5,325,324.5,324,323.5,327,327.5,328,328.5,329
1683766820886278920,325.5,325,324.5,324,323.5,327,327.5,328,328.5,329
1683766821388007645,325.5,325,324.5,324,323.5,327,327.5,328,328.5,329
1683766821976871720,327,325.5,325,324.5,324,327.5,328,328.5,329,329.5
1683766821999960343,327,325.5,325,324.5,324,327.5,328,329,329.5,330
1683766821999960343,325.5,325,324.5,324,323.5,327.5,328,329,329.5,330
1683766822030025805,325.5,325,324.5,324,323.5,327.5,328,329,329.5,330
1683766822030025805,325.5,325,324.5,324,323.5,327.5,328,329,329.5,330
1683766822050555012,325.5,325,324.5,324,323.5,327.5,328,328.5,329,329.5
1683766822282112067,325.5,325,324.5,324,323.5,327.5,328,328.5,329,329.5
1683766822754146266,325.5,325,324.5,324,323.5,327.5,328,328.5,329,329.5
1683766822784776269,326,325.5,325,324.5,324,327.5,328,328.5,329,329.5
1683766822784800594,326,325.5,325,324.5,324,327.5,328,328.5,329,329.5
1683766822816765433,326,325.5,325,324.5,324,327.5,328,328.5,329,329.5
1683766822816765433,326,325.5,325,324.5,324,327.5,328,329,329.5,330
1683766822847969123,326,325.5,325,324.5,324,327.5,328,329,329.5,330
1683766823075058259,326,325.5,325,324.5,324,327.5,328,329,329.5,330
1683766823342357886,326,325.5,325,324.5,324,327.5,328,329,329.5,330
1683766823382900632,326,325.5,325,324.5,324,327.5,328,329,329.5,330
1683766824368849747,326,325.5,325,324.5,324,327.5,328,329,329.5,330
1683766824379602908,327,326,325.5,325,324.5,327.5,328,329,329.5,330
1683766824379750525,327,326,325.5,325,324.5,327.5,328,329,329.5,330
1683766824412293720,327,326,325.5,325,324.5,327.5,328,329,329.5,330
1683766824412293720,327,326,325.5,325,324.5,327.5,328,329,329.5,330
1683766824412349425,327,325.5,325,324.5,324,327.5,328,329,329.5,330
1683766824412349425,327,325.5,325,324.5,324,327.5,328,329,329.5,330
1683766824412349425,327,325.5,325,324.5,324,327.5,328,329,329.5,330
1683766824444860860,327,325.5,325,324.5,324,327.5,328,329,329.5,330
1683766824444860860,327,325.5,325,324.5,324,327.5,328,329,329.5,330
1683766824466390756,325.5,325,324.5,324,323.5,327.5,328,329,329.5,330
1683766824477040512,325.5,325,324.5,324,323.5,327,327.5,328,329,329.5
1683766824497484509,325.5,325,324.5,324,323.5,327,327.5,328,329,329.5
1683766824509193645,325.5,325,324.5,324,323.5,327,327.5,328,329,329.5
1683766824509193645,325.5,325,324.5,324,323.5,327,327.5,328,328.5,329
1683766825810775190,325.5,325,324.5,324,323.5,327,327.5,328,328.5,329
1683766826691418397,326.5,325.5,325,324.5,324,327,327.5,328,328.5,329
1683766826725634102,326.5,325.5,325,324.5,324,327,327.5,328,329,329.5
1683766826725634102,325.5,325,324.5,324,323.5,327,327.5,328,329,329.5
1683766826755603294,325.5,325,324.5,324,323.5,327,327.5,328,329,329.5
1683766826755708181,325.5,325,324.5,324,323.5,327,327.5,328,329,329.5
1683766826755708181,325.5,325,324.5,324,323.5,327,327.5,328,329,329.5
1683766826787787265,325.5,325,324.5,324,323.5,327,327.5,328,328.5,329
1683766827039413823,325.5,325,324.5,324,323.5,327,327.5,328,328.5,329
1683766827825090315,325.5,325,324.5,324,323.5,327,327.5,328,328.5,329
1683766827855663010,325.5,325,324.5,324,323.5,327,327.5,328,328.5,329
1683766827855663010,325.5,325,324.5,324,323.5,327,327.5,328,328.5,329
1683766827866156613,325.5,325,324.5,324,323.5,326.5,327,327.5,328,328.5
1683766827950555045,325.5,325,324.5,324,323.5,327,327.5,328,328.5,329
1683766828365755539,325.5,325,324.5,324,323.5,327,327.5,328,328.5,329
1683766829607092937,325.5,325,324.5,324,323.5,327.5,328,328.5,329,329.5
1683766829647661461,326,325.5,325,324.5,324,327.5,328,328.5,329,329.5
1683766829647661461,326,325.5,325,324.5,324,327.5,328,328.5,329,329.5
1683766829647661461,326,325.5,325,324.5,324,327.5,328,328.5,329,329.5
1683766829680519988,326,325.5,325,324.5,324,327.5,328,329,329.5,330
1683766829680633491,326,325.5,325,324.5,324,327.5,328,329,329.5,330
1683766829680633491,326,325.5,325,324.5,324,327.5,328,329,329.5,330
1683766829711497513,326,325.5,325,324.5,324,327.5,328,329,329.5,330
1683766829723535827,327,326,325.5,325,324.5,327.5,328,329,329.5,330
1683766829756315776,327,326,325.5,325,324.5,327.5,328,329,329.5,330
1683766829756315776,327,325.5,325,324.5,324,327.5,328,329,329.5,330
1683766829756371721,325.5,325,324.5,324,323.5,327.5,328,329,329.5,330
1683766829791037381,325.5,325,324.5,324,323.5,327.5,328,329,329.5,330
1683766829791037381,325.5,325,324.5,324,323.5,327.5,328,329,329.5,330
1683766829791037381,325.5,325,324.5,324,323.5,327.5,328,329,329.5,330
1683766829821794302,325.5,325,324.5,324,323.5,327.5,328,328.5,329,329.5
1683766830258079687,325.5,325,324.5,324,323.5,327.5,328,328.5,329,329.5
1683766830606312479,325.5,325,324.5,324,323.5,327.5,328,328.5,329,329.5
1683766831613757106,325.5,325,324.5,324,323.5,327.5,328,328.5,329,329.5
1683766831690172278,325.5,325,324.5,324,323.5,327.5,328,328.5,329,329.5
1683766831963036393,325.5,325,324.5,324,323.5,326.5,327.5,328,328.5,329
1683766832005980618,325.5,325,324.5,324,323.5,326.5,327.5,328,328.5,329
1683766833372565186,327,325.5,325,324.5,324,327.5,328,328.5,329,329.5
1683766833403177296,327,325.5,325,324.5,324,327.5,328,328.5,329,329.5
1683766833403177296,327,325.5,325,324.5,324,327.5,328,328.5,329,329.5
1683766833403177296,325.5,325,324.5,324,323.5,327.5,328,328.5,329,329.5
1683766833424600451,325.5,325,324.5,324,323.5,327.5,328,328.5,329,329.5
1683766833424600451,325.5,325,324.5,324,323.5,327,327.5,328,328.5,329
1683766833447033472,325.5,325,324.5,324,323.5,327,327.5,328,328.5,329
1683766833447033472,325.5,325,324.5,324,323.5,327.5,328,328.5,329,329.5
1683766834592701265,326,325.5,325,324.5,324,327.5,328,328.5,329,329.5
1683766834623370592,326,325.5,325,324.5,324,327.5,328,328.5,329,329.5
1683766834654742417,326,325.5,325,324.5,324,327.5,328,328.5,329,329.5
1683766835212572962,326,325.5,325,324.5,324,327.5,328,328.5,329,329.5
1683766835687281994,327,326,325.5,325,324.5,327.5,328,328.5,329,329.5
1683766835720193119,327,326,325.5,325,324.5,327.5,328,328.5,329,329.5
1683766835720255767,326,325.5,325,324.5,324,327.5,328,328.5,329,329.5
1683766835752059734,326,325.5,325,324.5,324,327.5,328,328.5,329,329.5
1683766835783514756,326,325.5,325,324.5,324,327.5,328,328.5,329,329.5
1683766836049989254,326,325.5,325,324.5,324,327.5,328,328.5,329,329.5
1683766837216092337,327,326,325.5,325,324.5,327.5,328,328.5,329,329.5
1683766837247099047,327,326,325.5,325,324.5,327.5,328,328.5,329,329.5
1683766837269590939,327,326,325.5,325,324.5,327.5,328,328.5,329,329.5
1683766837789852132,327,326,325.5,325,324.5,327.5,328,328.5,329,329.5
1683766838451330943,327,326,325.5,325,324.5,327.5,328,328.5,329,329.5
1683766838933021994,327,326,325.5,325,324,327.5,328,328.5,329,329.5
1683766839561103777,326,325.5,325,324,323.5,327.5,328,328.5,329,329.5
1683766839591856811,326,325.5,325,324,323.5,327.5,328,328.5,329,329.5
1683766839622571673,326,325.5,325,324,323.5,327.5,328,328.5,329,329.5
1683766839622571673,326,325.5,325,324,323.5,327.5,328,328.5,329,329.5
1683766839737240842,327,326,325.5,325,324,327.5,328,328.5,329,329.5
1683766839768057505,327,326,325.5,325,324,327.5,328,328.5,329,329.5
1683766839768202147,326,325.5,325,324,323.5,327.5,328,328.5,329,329.5
1683766839768351768,326,325.5,325,324,323.5,327.5,328,328.5,329,329.5
1683766839811189994,326,325.5,325,324,323.5,327.5,328,328.5,329,329.5
1683766839841740467,326,325.5,325,324,323.5,327.5,328,328.5,329,329.5
1683766840229119292,327,326,325.5,325,324,327.5,328,328.5,329,329.5
1683766840263825939,327,326,325.5,325,324,327.5,328,328.5,329,329.5
1683766840263937589,327,326,325.5,325,324.5,327.5,328,328.5,329,329.5
1683766840263937589,326,325.5,325,324.5,324,327.5,328,328.5,329,329.5
1683766840263979397,326,325.5,325,324.5,324,327.5,328,328.5,329,329.5
1683766840296299564,326,325.5,325,324.5,324,327.5,328,328.5,329,329.5
1683766840316781071,326,325.5,325,324.5,324,327.5,328,328.5,329,329.5
1683766840327059500,326,325.5,325,324.5,324,327.5,328,328.5,329,329.5
1683766840349323324,326,325.5,325,324.5,324,327.5,328,328.5,329,329.5
1683766842024325476,326,325.5,325,324.5,324,327.5,328,328.5,329,329.5
1683766842099652364,326,325.5,325,324.5,324,327,327.5,328,328.5,329
1683766842133457368,326,325.5,325,324.5,324,327,327.5,328,328.5,329
1683766842133457368,326,325.5,325,324,323.5,327,327.5,328,328.5,329
1683766842156037155,326,325.5,325,324,323.5,327.5,328,328.5,329,329.5
1683766842166271572,326,325.5,325,324,323.5,327.5,328,328.5,329,329.5
1683766842188808008,326,325.5,325,324,323.5,327.5,328,328.5,329,329.5
1683766842188903668,326,325.5,325,324,323.5,327.5,328,328.5,329,329.5
1683766842200761993,326,325.5,325,324.5,324,327.5,328,328.5,329,329.5
1683766842200761993,326,325.5,325,324.5,324,327.5,328,328.5,329,329.5
1683766842612678782,326,325.5,325,324.5,324,327.5,328,328.5,329,329.5
1683766844047302375,327,326,325.5,325,324.5,327.5,328,328.5,329,329.5
1683766844080036048,327,326,325.5,325,324.5,327.5,328,328.5,329,329.5
1683766844080036048,327,326,325.5,325,324.5,327.5,328,328.5,329,329.5
1683766844475400578,327,326,325.5,325,324.5,327.5,328,328.5,329,329.5
1683766845783524738,327,326,325.5,325,324.5,327.5,328,328.5,329,329.5
1683766846144486100,327,326,325.5,325,324.5,327.5,328,328.5,329,329.5
1683766847126797065,327,326,325.5,325,324.5,327.5,328,328.5,329,329.5
1683766847433828585,327,326,325.5,325,324.5,327.5,328,328.5,329,329.5
1683766848482562459,327,326,325.5,325,324.5,327.5,328,328.5,329,329.5
1683766848570034942,327,326,325.5,325,324.5,327.5,328,328.5,329,329.5
1683766848714445146,327,326,325.5,325,324.5,328,328.5,329,329.5,330
1683766848748962768,327,326,325.5,325,324.5,328,328.5,329,329.5,330
1683766848748962768,327,326,325.5,325,324.5,328,328.5,329,329.5,330
1683766848779320900,327,326,325.5,325,324.5,328,328.5,329,329.5,330
1683766848813358932,327,326,325.5,325,324.5,328,328.5,329,329.5,330
1683766849515807410,327,326,325.5,325,324.5,328,328.5,329,329.5,330
1683766849625236130,327,326,325.5,325,324.5,328,328.5,329,329.5,330
1683766849666339348,327.5,327,326,325.5,325,328,328.5,329,329.5,330
1683766849697854242,327.5,327,326,325.5,325,328,328.5,329,329.5,330
1683766849697939432,327.5,327,326,325.5,325,328,328.5,329,329.5,330
1683766850623575721,327,326,325.5,325,324.5,328,328.5,329,329.5,330
1683766850656274378,327,326,325.5,325,324.5,328,328.5,329,329.5,330
1683766850689665936,327,326,325.5,325,324.5,328,328.5,329,329.5,330
1683766851015900833,327,326,325.5,325,324.5,328,328.5,329,329.5,330
1683766851205343692,327,326,325.5,325,324.5,328,328.5,329,329.5,330
1683766851773545221,327,326,325.5,325,324.5,328,328.5,329,329.5,330
1683766851987603329,327,326,325.5,325,324.5,328,328.5,329,329.5,330
1683766852022397480,327,326,325.5,325,324.5,328,328.5,329,329.5,330
1683766852482363810,327,326,325.5,325,324.5,328,328.5,329,329.5,330
1683766852494691357,327,326,325.5,325,324.5,328,328.5,329,329.5,330
1683766852767263164,327,326.5,326,325.5,325,328,328.5,329,329.5,330
1683766852867763459,0,0,0,0,0,0,0,0,0,0
1683766852867763459,0,0,0,0,0,0,0,0,0,0
1683766852867763459,326,325.5,325,324.5,324,328,328.5,329,329.5,330
1683766852901207636,326,325.5,325,324.5,324,328,328.5,329,329.5,330
1683766852901207636,326,325.5,325,324.5,324,327.5,328,328.5,329,329.5
1683766852935018351,326,325.5,325,324.5,324,327.5,328,328.5,329,329.5
1683766852935018351,326,325.5,325,324.5,324,328,328.5,329,329.5,330
1683766852935018351,326,325.5,325,324.5,324,328,328.5,329,329.5,330
1683766852969553897,326,325.5,325,324.5,324,328,328.5,329,329.5,330
1683766852969588442,326,325.5,325,324.5,324,328,328.5,329,329.5,330
1683766853012477743,326,325.5,325,324.5,324,328,328.5,329,329.5,330
1683766853012477743,326,325.5,325,324.5,324,328,328.5,329,329.5,330
1683766853045860955,325.5,325,324.5,324,323.5,328,328.5,329,329.5,330
1683766853080529862,326,325.5,325,324.5,324,328,328.5,329,329.5,330
1683766853080529862,326,325.5,325,324.5,324,328,328.5,329,329.5,330
1683766853080529862,326,325.5,325,324.5,324,327.5,328,328.5,329,329.5
1683766853113089157,326,325.5,325,324.5,324,327.5,328,328.5,329,329.5
1683766853113089157,326,325.5,325,324.5,324,327.5,328,328.5,329,329.5
1683766853145725627,326,325.5,325,324.5,324,327.5,328,328.5,329,329.5
1683766853180731987,326,325.5,325,324.5,324,327.5,328,328.5,329,329.5
1683766853246581199,327,326,325.5,325,324.5,327.5,328,328.5,329,329.5
1683766853281565428,327,326,325.5,325,324.5,327.5,328,328.5,329,329.5
1683766853281565428,326,325.5,325,324.5,324,327.5,328,328.5,329,329.5
1683766853316521473,325.5,325,324.5,324,323.5,327.5,328,328.5,329,329.5
1683766853316575886,325.5,325,324.5,324,323.5,327.5,328,328.5,329,329.5
1683766853348759866,325.5,325,324.5,324,323.5,327.5,328,328.5,329,329.5
1683766855539794531,325.5,325,324.5,324,323.5,327,327.5,328,328.5,329
1683766855572801968,325.5,325,324.5,324,323.5,327,327.5,328,328.5,329
1683766855605577840,325.5,325,324.5,324,323.5,327,327.5,328,328.5,329
1683766856057976230,325.5,325,324.5,324,323.5,327,327.5,328,328.5,329
1683766856845418537,325.5,325,324.5,324,323.5,327,327.5,328,328.5,329
1683766857439586632,325.5,325,324.5,324,323.5,327,327.5,328,328.5,329
1683766857945229767,325.5,325,324.5,324,323.5,327,327.5,328,328.5,329
1683766858952587572,325.5,325,324.5,324,323.5,327,327.5,328,328.5,329
1683766859052787242,325.5,325,324.5,324,323.5,327,327.5,328,328.5,329
1683766859125828669,325.5,325,324.5,324,323.5,327,327.5,328,328.5,329
1683766861350057462,325.5,325,324.5,324,323.5,326,327,327.5,328,328.5
1683766861386419668,325.5,325,324.5,324,323.5,326,327,327.5,328,328.5
1683766861386419668,325.5,325,324.5,324,323.5,327,327.5,328,328.5,329
1683766861386419668,326,325.5,325,324.5,324,327,327.5,328,328.5,329
1683766861418795428,326,325.5,325,324.5,324,327,327.5,328,328.5,329
1683766861418795428,326,325.5,325,324.5,324,327,327.5,328,328.5,329
1683766861418906006,326,325.5,325,324.5,324,327,327.5,328,328.5,329
1683766861418906006,326,325.5,325,324.5,324,327,327.5,328,328.5,329
1683766861458239411,326,325.5,325,324.5,324,327,327.5,328,328.5,329
1683766861458239411,326,325.5,325,324.5,324,327,327.5,328,328.5,329
1683766861477753802,326,325.5,325,324.5,324,327,327.5,328,328.5,329
1683766861722883612,326,325.5,325,324.5,324,327,327.5,328,328.5,329
1683766862303560385,326,325.5,325,324.5,324,327,327.5,328,328.5,329
1683766863720793375,326,325.5,325,324.5,324,327,327.5,328,328.5,329
1683766867673503345,326,325.5,325,324.5,324,327,327.5,328,328.5,329
1683766867673503345,326,325.5,325,324.5,324,327,327.5,328,328.5,329
1683766867673615446,326,325.5,325,324.5,324,327,327.5,328,328.5,329
1683766868711830409,326,325.5,325,324.5,324,327,327.5,328,328.5,329
1683766868988393400,326,325.5,325,324.5,324,327,327.5,328,328.5,329
1683766869079374782,326,325.5,325,324.5,324,327,327.5,328,328.5,329
1683766871218911893,326,325.5,325,324.5,324,327,327.5,328,328.5,329
1683766872087257280,326,325.5,325,324.5,324,327,327.5,328,328.5,329
1683766872236706184,326,325.5,325,324.5,324,327,327.5,328,328.5,329
1683766872236721893,325.5,325,324.5,324,323.5,326,327,327.5,328,328.5
1683766872270274203,325.5,325,324.5,324,323.5,326,327,327.5,328,328.5
1683766872270274203,325.5,325,324.5,324,323.5,327,327.5,328,328.5,329
1683766872303126138,325.5,325,324.5,324,323.5,327,327.5,328,328.5,329
1683766872335712674,325.5,325,324.5,324,323.5,327,327.5,328,328.5,329
1683766872434044358,325.5,325,324.5,324,323.5,326.5,327,327.5,328,328.5
1683766872465775518,325.5,325,324.5,324,323.5,326.5,327,327.5,328,328.5
1683766872499540056,325.5,325,324.5,324,323.5,326.5,327,327.5,328,328.5
1683766872532352076,325.5,325,324.5,324,323.5,326.5,327,327.5,328,328.5
1683766872823049727,325.5,325,324.5,324,323.5,326.5,327,327.5,328,328.5
1683766873395910584,325.5,325,324.5,324,323.5,327,327.5,328,328.5,329
1683766873407971240,325.5,325,324.5,324,323.5,327,327.5,328,328.5,329
1683766873429811939,325.5,325,324.5,324,323.5,327,327.5,328,328.5,329
1683766873429994192,325.5,325,324.5,324,323.5,327,327.5,328,328.5,329
1683766873516637107,326,325.5,325,324.5,324,327,327.5,328,328.5,329
1683766873549542663,326,325.5,325,324.5,324,327,327.5,328,328.5,329
1683766873549542663,326,325.5,325,324.5,324,327,327.5,328,328.5,329
1683766873583939939,326,325.5,325,324.5,324,327,327.5,328,328.5,329
1683766875115438822,326,325.5,325,324.5,324,327,327.5,328,328.5,329
1683766875383201208,326,325.5,325,324.5,324,327,327.5,328,328.5,329
1683766877312446693,326,325.5,325,324.5,324,327,327.5,328,328.5,329
1683766877346183820,326,325.5,325,324.5,324,327,327.5,328,328.5,329
1683766878490925805,326,325.5,325,324.5,324,327,327.5,328,328.5,329
1683766880520775802,326,325.5,325,324.5,324,327,327.5,328,328.5,329
1683766882448806175,326,325.5,325,324.5,324,326.5,327,327.5,328,328.5
1683766882472159154,326,325.5,325,324.5,324,326.5,327,327.5,328,328.5
1683766882472397351,326,325.5,325,324.5,324,327,327.5,328,328.5,329
1683766882573415149,326,325.5,325,324.5,324,327,327.5,328,328.5,329
1683766882605437766,326,325.5,325,324.5,324,327,327.5,328,328.5,329
1683766882822343411,326.5,326,325.5,325,324.5,327,327.5,328,328.5,329
1683766882855269595,326.5,326,325.5,325,324.5,327,327.5,328,328.5,329
1683766882855269595,326.5,326,325.5,325,324.5,327,327.5,328,328.5,329
1683766883339844241,326.5,326,325.5,325,324.5,327,327.5,328,328.5,329
1683766883397377559,326.5,326,325.5,325,324.5,327,327.5,328,328.5,329
1683766885124947807,326.5,326,325.5,325,324.5,327,327.5,328,328.5,329
1683766885381630089,326.5,326,325.5,325,324.5,327,327.5,328,328.5,329
1683766886129752027,326.5,326,325.5,325,324.5,327,327.5,328,328.5,329
1683766886521611045,326.5,326,325.5,325,324.5,327,327.5,328,328.5,329
1683766886744578101,326.5,326,325.5,325,324.5,327,327.5,328,328.5,329
1683766886822303072,326.5,326,325.5,325,324.5,327,327.5,328,328.5,329
1683766887219853155,326.5,326,325.5,325,324.5,327,327.5,328,328.5,329
1683766887865773924,326.5,326,325.5,325,324.5,327,327.5,328,328.5,329
1683766888397440012,326.5,326,325.5,325,324.5,327,327.5,328,328.5,329
1683766888878886244,326.5,326,325.5,325,324.5,327,327.5,328,328.5,329
1683766889432480485,326.5,326,325.5,325,324.5,327,327.5,328,328.5,329
1683766889785969217,326.5,326,325.5,325,324.5,327,327.5,328,328.5,329
1683766889828811310,326.5,326,325.5,325,324.5,327,327.5,328,328.5,329
1683766890465747539,326.5,326,325.5,325,324.5,327,327.5,328,328.5,329
1683766891091551485,326.5,326,325.5,325,324.5,327,327.5,328,328.5,329
1683766891849699870,326.5,326,325.5,325,324.5,327,327.5,328,328.5,329
1683766892711866274,326.5,326,325.5,325,324.5,327.5,328,328.5,329,329.5
1683766892746290532,326.5,326,325.5,325,324.5,327.5,328,328.5,329,329.5
1683766892746290532,326.5,326,325.5,325,324.5,327.5,328,328.5,329,329.5
1683766892746491008,326.5,326,325.5,325,324.5,327.5,328,328.5,329,329.5
1683766892779130193,326.5,326,325.5,325,324.5,327.5,328,328.5,329,329.5
1683766892914090402,326.5,326,325.5,325,324.5,327.5,328,328.5,329,329.5
1683766894762828052,326.5,326,325.5,325,324.5,327.5,328,328.5,329,329.5
1683766895557603029,326.5,326,325.5,325,324.5,327.5,328,328.5,329,329.5
1683766895867592864,326.5,326,325.5,325,324.5,327.5,328,328.5,329,329.5
1683766897070964386,327,326.5,326,325.5,325,327.5,328,328.5,329,329.5
1683766897103473947,327,326.5,326,325.5,325,327.5,328,328.5,329,329.5
1683766897104014012,327,326.5,326,325.5,325,327.5,328,328.5,329,329.5
1683766897104014012,327,326.5,326,325.5,325,327.5,328,328.5,329,329.5
1683766897104014012,327,326.5,326,325.5,325,327.5,328,328.5,329,329.5
1683766897114727438,327,326.5,326,325.5,325,327.5,328,328.5,329,329.5
1683766898412086977,327,326.5,326,325.5,325,327.5,328,328.5,329,329.5
1683766898955824280,327,326.5,326,325.5,325,327.5,328,328.5,329,329.5
1683766899120527457,327,326.5,326,325.5,325,327.5,328,328.5,329,329.5
1683766900309925010,0,0,0,0,0,0,0,0,0,0
1683766900309925010,327,326.5,326,325.5,325,328,328.5,329,329.5,330
1683766900616300359,327,326.5,326,325.5,325,328,328.5,329,329.5,330
1683766900638686783,327,326.5,326,325.5,325,328,328.5,329,329.5,330
1683766900638797862,327,326.5,326,325.5,325,328,328.5,329,329.5,330
1683766900696016739,327,326.5,326,325.5,325,328,328.5,329,329.5,330
1683766900716752283,327,326.5,326,325.5,325,328,328.5,329,329.5,330
1683766901734243185,327,326.5,326,325.5,325,328,328.5,329,329.5,330
1683766901801525819,327,326.5,326,325.5,325,328,328.5,329,329.5,330
1683766901965778018,327,326.5,326,325.5,325,328,328.5,329,329.5,330
1683766902523002226,327,326.5,326,325.5,325,328,328.5,329,329.5,330
1683766902553115478,327.5,327,326.5,326,325.5,328,328.5,329,329.5,330
1683766902583922573,327.5,327,326.5,326,325.5,328,328.5,329,329.5,330
1683766902583922573,327.5,327,326.5,326,325.5,328,328.5,329,329.5,330
1683766902863772667,327.5,327,326.5,326,325.5,328,328.5,329,329.5,330
1683766903833297845,327.5,327,326.5,326,325.5,328,328.5,329,329.5,330
1683766904570146265,327.5,327,326.5,326,325.5,328,328.5,329,329.5,330
1683766904731520531,327.5,327,326.5,326,325.5,328,328.5,329,329.5,330
1683766905912466495,327.5,327,326.5,326,325.5,328,328.5,329,329.5,330
1683766906318693782,327.5,327,326.5,326,325.5,328,328.5,329,329.5,330
1683766907149904302,327.5,327,326.5,326,325.5,328,328.5,329,329.5,330
1683766907741933371,327.5,327,326.5,326,325.5,328,328.5,329,329.5,330
1683766909013771250,327.5,327,326.5,326,325.5,328,328.5,329,329.5,330
1683766910448385718,327.5,327,326.5,326,325.5,328,328.5,329,329.5,330
1683766912098620627,327.5,327,326.5,326,325.5,328,328.5,329,329.5,330
1683766912385962217,327.5,327,326.5,326,325.5,328,328.5,329,329.5,330
1683766912396325405,327.5,327,326.5,326,325.5,328,328.5,329,329.5,330
1683766912774954682,327.5,327,326.5,326,325.5,328,328.5,329,329.5,330
1683766912797510294,327,326.5,326,325.5,325,328,328.5,329,329.5,330
1683766912890664195,327,326.5,326,325.5,325,328,328.5,329,329.5,330
1683766912921566379,327,326.5,326,325.5,325,328,328.5,329,329.5,330
1683766912921566379,327,326.5,326,325.5,325,328,328.5,329,329.5,330
1683766912921566379,327,326.5,326,325.5,325,328,328.5,329,329.5,330
1683766912964811358,327,326.5,326,325.5,325,328,328.5,329,329.5,330
1683766912997093363,327,326.5,326,325.5,325,328.5,329,329.5,330,330.5
1683766913029808932,327,326.5,326,325.5,325,328.5,329,329.5,330,330.5
1683766913029916193,327,326.5,326,325.5,325,328.5,329,329.5,330,330.5
1683766913060525627,327,326.5,326,325.5,325,328.5,329,329.5,330,330.5
1683766913169583561,327,326.5,326,325.5,325,328.5,329,329.5,330,330.5
1683766913399615432,328,327,326.5,326,325.5,328.5,329,329.5,330,330.5
1683766913411856567,328,327,326.5,326,325.5,328.5,329,329.5,330,330.5
1683766913434283127,328,327,326.5,326,325.5,328.5,329,329.5,330,330.5
1683766913434283127,327,326.5,326,325.5,325,328.5,329,329.5,330,330.5
1683766913467559138,327,326.5,326,325.5,325,328.5,329,329.5,330,330.5
1683766913502409515,327,326.5,326,325.5,325,328.5,329,329.5,330,330.5
1683766913606515150,327,326.5,326,325.5,325,328.5,329,329.5,330,330.5
1683766914173791862,327.5,327,326.5,326,325.5,328.5,329,329.5,330,330.5
1683766914206534893,327.5,327,326.5,326,325.5,328.5,329,329.5,330,330.5
1683766914206534893,327,326.5,326,325.5,325,328.5,329,329.5,330,330.5
1683766914239447601,327,326.5,326,325.5,325,328.5,329,329.5,330,330.5
1683766914239553861,327,326.5,326,325.5,325,328.5,329,329.5,330,330.5
1683766914239553861,327,326.5,326,325.5,325,328.5,329,329.5,330,330.5
1683766914239787580,327,326.5,326,325.5,325,328.5,329,329.5,330,330.5
1683766914274190397,327,326.5,326,325.5,325,328.5,329,329.5,330,330.5
1683766914319643362,327,326.5,326,325.5,325,328,328.5,329,329.5,330
1683766914352110224,327,326.5,326,325.5,325,328,328.5,329,329.5,330
1683766914352217365,327,326.5,326,325.5,325,328,328.5,329,329.5,330
1683766914352217365,327,326.5,326,325.5,325,328,328.5,329,329.5,330
1683766914362702572,327,326.5,326,325.5,325,328,328.5,329,329.5,330
1683766914374546131,327,326.5,326,325.5,325,328,328.5,329,329.5,330
1683766914428724629,327,326.5,326,325.5,325,328,328.5,329,329.5,330
1683766914754540731,327,326.5,326,325.5,325,328,328.5,329,329.5,330
1683766915326769432,327.5,327,326.5,326,325.5,328,328.5,329,329.5,330
1683766915359467638,327.5,327,326.5,326,325.5,328,328.5,329,329.5,330
1683766915359467638,327,326.5,326,325.5,325,328,328.5,329,329.5,330
1683766915359467638,327,326.5,326,325.5,325,328,328.5,329,329.5,330
1683766915390192789,327,326.5,326,325.5,325,328,328.5,329,329.5,330
1683766915390192789,327,326.5,326,325.5,325,328,328.5,329,329.5,330
1683766915420842910,327,326.5,326,325.5,325,328,328.5,329,329.5,330
1683766915420842910,327,326.5,326,325.5,325,328,328.5,329,329.5,330
1683766915910746712,327,326.5,326,325.5,325,328,328.5,329,329.5,330
1683766915941174045,327,326.5,326,325.5,325,328.5,329,329.5,330,330.5
1683766915965807949,327,326.5,326,325.5,325,328.5,329,329.5,330,330.5
1683766915996391244,327,326.5,326,325.5,325,328.5,329,329.5,330,330.5
1683766916183973219,328,327,326.5,326,325.5,328.5,329,329.5,330,330.5
1683766916204328199,328,327,326.5,326,325.5,328.5,329,329.5,330,330.5
1683766916214763182,328,327,326.5,326,325.5,328.5,329,329.5,330,330.5
1683766916214763182,327,326.5,326,325.5,325,328.5,329,329.5,330,330.5
1683766916542625907,328,327,326.5,326,325.5,328.5,329,329.5,330,330.5
1683766916564983266,327,326.5,326,325.5,325,328.5,329,329.5,330,330.5
1683766916726477527,327.5,327,326.5,326,325.5,328.5,329,329.5,330,330.5
1683766916746945880,327.5,327,326.5,326,325.5,328.5,329,329.5,330,330.5
1683766917550989200,327.5,327,326.5,326,325.5,328.5,329,329.5,330,330.5
1683766917663818655,327.5,327,326.5,326,325.5,328.5,329,329.5,330,330.5
1683766918105180823,328,327.5,327,326.5,326,328.5,329,329.5,330,330.5
1683766918145757763,328,327.5,327,326.5,326,328.5,329,329.5,330,330.5
1683766918145757763,327.5,327,326.5,326,325.5,328.5,329,329.5,330,330.5
1683766918179013305,327,326.5,326,325.5,325,328.5,329,329.5,330,330.5
1683766918209483889,327,326.5,326,325.5,325,328.5,329,329.5,330,330.5
1683766919174331785,327,326.5,326,325.5,325,328.5,329,329.5,330,330.5
1683766920027992229,327,326.5,326,325.5,325,328,328.5,329,329.5,330
1683766920049465648,327,326.5,326,325.5,325,328,328.5,329,329.5,330
1683766920061789408,327,326.5,326,325.5,325,328,328.5,329,329.5,330
1683766920061789408,327,326.5,326,325.5,325,328,328.5,329,329.5,330
1683766920061900817,327,326.5,326,325.5,325,328,328.5,329,329.5,330
1683766920072085761,327,326.5,326,325.5,325,328,328.5,329,329.5,330
1683766920449321451,327,326.5,326,325.5,325,328,328.5,329,329.5,330
1683766920618820623,327,326.5,326,325.5,325,328,328.5,329,329.5,330
1683766920704386457,327.5,327,326.5,326,325.5,328,328.5,329,329.5,330
1683766920732445793,327.5,327,326.5,326,325.5,328,328.5,329,329.5,330
1683766920732519932,327,326.5,326,325.5,325,328,328.5,329,329.5,330
1683766921220063373,327,326.5,326,325.5,325,328,328.5,329,329.5,330
1683766921241463284,327,326.5,326,325.5,325,328,328.5,329,329.5,330
1683766921350365967,327.5,327,326.5,326,325.5,328,328.5,329,329.5,330
1683766921383364577,327.5,327,326.5,326,325.5,328,328.5,329,329.5,330
1683766921383364577,327,326.5,326,325.5,325,328,328.5,329,329.5,330
1683766921666260469,327,326.5,326,325.5,325,328,328.5,329,329.5,330
1683766921698067041,327,326.5,326,325.5,325,328,328.5,329,329.5,330
1683766921941049399,327,326.5,326,325.5,325,328,328.5,329,329.5,330
1683766922579999410,327,326.5,326,325.5,325,328,328.5,329,329.5,330
1683766923337401924,327.5,327,326.5,326,325.5,328,328.5,329,329.5,330
1683766923370226568,327.5,327,326.5,326,325.5,328,328.5,329,329.5,330
1683766923370380547,327,326.5,326,325.5,325,328,328.5,329,329.5,330
1683766924288149615,327,326.5,326,325.5,325,328,328.5,329,329.5,330
1683766924330003813,327,326.5,326,325.5,325,328,328.5,329,329.5,330
1683766924330003813,327,326.5,326,325.5,325,328,328.5,329,329.5,330
1683766924979851656,327,326.5,326,325.5,325,328,328.5,329,329.5,330
1683766927239020667,327,326.5,326,325.5,325,328,328.5,329,329.5,330
1683766927239020667,327,326.5,326,325.5,325,328,328.5,329,329.5,330
1683766927259904249,327,326.5,326,325.5,325,328,328.5,329,329.5,330
1683766927269786946,327,326.5,326,325.5,325,328,328.5,329,329.5,330
1683766927269786946,327,326.5,326,325.5,325,328,328.5,329,329.5,330
1683766927269937548,327,326.5,326,325.5,325,328,328.5,329,329.5,330
1683766927400045667,327.5,327,326.5,326,325.5,328,328.5,329,329.5,330
1683766927434310355,327.5,327,326.5,326,325.5,328,328.5,329,329.5,330
1683766927434310355,327,326.5,326,325.5,325,328,328.5,329,329.5,330
1683766927467344993,327,326.5,326,325.5,325,328,328.5,329,329.5,330
1683766927467344993,327,326.5,326,325.5,325,328,328.5,329,329.5,330
1683766927506419501,327,326.5,326,325.5,325,328,328.5,329,329.5,330
1683766927960033484,327,326.5,326,325.5,325,328,328.5,329,329.5,330
1683766928025705083,327,326.5,326,325.5,325,328,328.5,329,329.5,330
1683766928058524637,327,326.5,326,325.5,325,328,328.5,329,329.5,330
1683766928102444553,327,326.5,326,325.5,325,328,328.5,329,329.5,330
1683766929103208468,327,326.5,326,325.5,325,328,328.5,329,329.5,330
1683766929575023466,327,326.5,326,325.5,325,328,328.5,329,329.5,330
1683766930032383593,327,326.5,326,325.5,325,328,328.5,329,329.5,330
1683766930150578863,327,326.5,326,325.5,325,328,328.5,329,329.5,330
1683766930628566281,327,326.5,326,325.5,325,328,328.5,329,329.5,330
1683766931480475487,327,326.5,326,325.5,325,328,328.5,329,329.5,330
1683766931806135065,327.5,327,326.5,326,325.5,328,328.5,329,329.5,330
1683766931839339361,327.5,327,326.5,326,325.5,328,328.5,329,329.5,330
1683766931839339361,327,326.5,326,325.5,325,328,328.5,329,329.5,330
1683766931970958547,327,326.5,326,325.5,325,328,328.5,329,329.5,330
1683766931993888382,327,326.5,326,325.5,325,328,328.5,329,329.5,330
1683766931993888382,327,326.5,326,325.5,325,328,328.5,329,329.5,330
1683766932001894905,327,326.5,326,325.5,325,328,328.5,329,329.5,330
1683766932075781118,327,326.5,326,325.5,325,328,328.5,329,329.5,330
1683766932153249658,327,326.5,326,325.5,325,328,328.5,329,329.5,330
1683766933172560036,327,326.5,326,325.5,325,328,328.5,329,329.5,330
1683766933204158558,327,326.5,326,325.5,325,328,328.5,329,329.5,330
1683766933204158558,327,326.5,326,325.5,325,328,328.5,329,329.5,330
1683766934388103303,327,326.5,326,325.5,325,328,328.5,329,329.5,330
1683766935045627791,327,326.5,326,325.5,325,328,328.5,329,329.5,330
1683766935597653558,327,326.5,326,325.5,325,328,328.5,329,329.5,330
1683766935926871847,327,326.5,326,325.5,325,328,328.5,329,329.5,330
1683766938531917187,327,326.5,326,325.5,325,328,328.5,329,329.5,330
1683766938640542348,327,326.5,326,325.5,325,328,328.5,329,329.5,330
1683766939016866287,327.5,327,326.5,326,325.5,328,328.5,329,329.5,330
1683766939059477015,327.5,327,326.5,326,325.5,328,328.5,329,329.5,330
1683766939059477015,327,326.5,326,325.5,325,328,328.5,329,329.5,330
1683766939082124700,327,326.5,326,325.5,325,328,328.5,329,329.5,330
1683766939082124700,327,326.5,326,325.5,325,328,328.5,329,329.5,330
1683766939104443196,327,326.5,326,325.5,325,328,328.5,329,329.5,330
1683766940890435924,327.5,327,326.5,326,325.5,328,328.5,329,329.5,330
1683766940925192435,327.5,327,326.5,326,325.5,328,328.5,329,329.5,330
1683766941114969822,327.5,327,326.5,326,325.5,328,328.5,329,329.5,330
1683766942056585606,327.5,327,326.5,326,325.5,328,328.5,329,329.5,330
1683766942489761694,327.5,327,326.5,326,325.5,328,328.5,329,329.5,330
1683766943031642592,327.5,327,326.5,326,325.5,328,328.5,329,329.5,330
1683766943063172284,327.5,327,326.5,326,325.5,328,328.5,329,329.5,330
1683766943833102311,327.5,327,326.5,326,325.5,328,328.5,329,329.5,330
1683766943864098872,327,326.5,326,325.5,325,328,328.5,329,329.5,330
1683766943864098872,327,326.5,326,325.5,325,328,328.5,329,329.5,330
1683766944649930307,327,326.5,326,325.5,325,328,328.5,329,329.5,330
1683766944682007978,327,326.5,326,325.5,325,328,328.5,329,329.5,330
1683766947384008787,327,326.5,326,325.5,325,327.5,328,328.5,329,329.5
1683766947396008549,327,326.5,326,325.5,325,327.5,328,328.5,329,329.5
1683766947416273680,327,326.5,326,325.5,325,327.5,328,328.5,329,329.5
1683766947416273680,327,326.5,326,325.5,325,327.5,328,328.5,329,329.5
1683766947416298095,327,326.5,326,325.5,325,327.5,328,328.5,329,329.5
1683766947648539446,327,326.5,326,325.5,325,327.5,328,328.5,329,329.5
1683766948924720881,327,326.5,326,325.5,325,327.5,328,328.5,329,329.5
1683766949150968227,327,326.5,326,325.5,325,327.5,328,328.5,329,329.5
1683766950324771030,327,326.5,326,325.5,325,327.5,328,328.5,329,329.5
1683766950324771030,327,326.5,326,325.5,325,327.5,328,328.5,329,329.5
1683766950538520969,327,326.5,326,325.5,325,327.5,328,328.5,329,329.5
1683766950704908569,327,326.5,326,325.5,325,327.5,328,328.5,329,329.5
1683766950736245359,327.5,327,326.5,326,325.5,328,328.5,329,329.5,330
1683766950768701300,327.5,327,326.5,326,325.5,328,328.5,329,329.5,330
1683766950768701300,327.5,327,326.5,326,325.5,328,328.5,329,329.5,330
1683766950768701300,327,326.5,326,325.5,325,328,328.5,329,329.5,330
1683766950800805521,327,326.5,326,325.5,325,328,328.5,329,329.5,330
1683766950831645277,327,326.5,326,325.5,325,328,328.5,329,329.5,330
1683766950961302299,327,326.5,326,325.5,325,328,328.5,329,329.5,330
1683766951422490504,327.5,327,326.5,326,325.5,328,328.5,329,329.5,330
1683766951456869766,327.5,327,326.5,326,325.5,328,328.5,329,329.5,330
1683766952070271036,327.5,327,326.5,326,325.5,328,328.5,329,329.5,330
1683766953623462141,0,0,0,0,0,0,0,0,0,0
1683766953623462141,327,326.5,326,325.5,325,328,328.5,329,329.5,330
1683766953656413803,327,326.5,326,325.5,325,328,328.5,329,329.5,330
1683766953656413803,327,326.5,326,325.5,325,328,328.5,329,329.5,330
1683766953679146077,327,326.5,326,325.5,325,328,328.5,329,329.5,330
1683766953734366281,327,326.5,326,325.5,325,328,328.5,329,329.5,330
1683766953770164067,327,326.5,326,325.5,325,328,328.5,329,329.5,330
1683766955016127183,327,326.5,326,325.5,325,328,328.5,329,329.5,330
1683766955394671701,327,326.5,326,325.5,325,327.5,328,328.5,329,329.5
1683766955427417747,327,326.5,326,325.5,325,327.5,328,328.5,329,329.5
1683766955427533725,327,326.5,326,325.5,325,327.5,328,328.5,329,329.5
1683766956416250249,327,326.5,326,325.5,325,327.5,328,328.5,329,329.5
1683766957364419979,327,326.5,326,325.5,325,327.5,328,328.5,329,329.5
1683766957374629980,327,326.5,326,325.5,325,327.5,328,328.5,329,329.5
1683766958026960325,327,326.5,326,325.5,325,327.5,328,328.5,329,329.5
1683766958877022423,327,326.5,326,325.5,325,327.5,328,328.5,329,329.5
1683766958900398215,327,326.5,326,325.5,325,327.5,328,328.5,329,329.5
1683766959205579321,327,326.5,326,325.5,325,327.5,328,328.5,329,329.5
1683766960292896554,327,326.5,326,325.5,325,327.5,328,328.5,329,329.5
1683766960838165093,327,326.5,326,325.5,325,327.5,328,328.5,329,329.5
1683766961463635254,327,326.5,326,325.5,325,327.5,328,328.5,329,329.5
1683766961611984934,327,326.5,326,325.5,325,327.5,328,328.5,329,329.5
1683766962094024000,327,326.5,326,325.5,325,327.5,328,328.5,329,329.5
1683766962115709768,327,326.5,326,325.5,325,327.5,328,328.5,329,329.5
1683766962115709768,327,326.5,326,325.5,325,327.5,328,328.5,329,329.5
1683766963125464154,327,326.5,326,325.5,325,327.5,328,328.5,329,329.5
1683766963835383312,327,326.5,326,325.5,325,327.5,328,328.5,329,329.5
1683766963835383312,327,326.5,326,325.5,325,327.5,328,328.5,329,329.5
1683766965663121343,327,326.5,326,325.5,325,327.5,328,328.5,329,329.5
1683766966062474523,327,326.5,326,325.5,325,327.5,328,328.5,329,329.5
1683766966595252950,327,326.5,326,325.5,325,327.5,328,328.5,329,329.5
1683766966595252950,327,326.5,326,325.5,325,327.5,328,328.5,329,329.5
1683766967573757459,327,326.5,326,325.5,325,327.5,328,328.5,329,329.5
1683766968727163264,327,326.5,326,325.5,325,327.5,328,328.5,329,329.5
1683766969783077232,327,326.5,326,325.5,325,327.5,328,328.5,329,329.5
1683766969783194512,327,326.5,326,325.5,325,327.5,328,328.5,329,329.5
1683766969813625992,327,326.5,326,325.5,325,327.5,328,328.5,329,329.5
1683766969813625992,327,326.5,326,325.5,325,327.5,328,328.5,329,329.5
1683766973147583363,327,326.5,326,325.5,325,327.5,328,328.5,329,329.5
1683766974623056461,327,326.5,326,325.5,325,327.5,328,328.5,329,329.5
1683766974944094932,327,326.5,326,325.5,325,327.5,328,328.5,329,329.5
1683766975649209418,327,326.5,326,325.5,325,327.5,328,328.5,329,329.5
1683766975848904277,327,326.5,326,325.5,325,327.5,328,328.5,329,329.5
1683766976282070897,327,326.5,326,325.5,325,327.5,328,328.5,329,329.5
1683766977735397792,327,326.5,326,325.5,325,327.5,328,328.5,329,329.5
1683766977788918005,327,326.5,326,325.5,325,327.5,328,328.5,329,329.5
1683766977986976492,327,326.5,326,325.5,325,327.5,328,328.5,329,329.5
1683766979145330257,327,326.5,326,325.5,325,327.5,328,328.5,329,329.5
1683766980112248692,327,326.5,326,325.5,325,327.5,328,328.5,329,329.5
1683766982288177518,327,326.5,326,325.5,325,327.5,328,328.5,329,329.5
1683766982288302142,327,326.5,326,325.5,325,327.5,328,328.5,329,329.5
1683766983091697516,327,326.5,326,325.5,325,327.5,328,328.5,329,329.5
1683766984574682920,326.5,326,325.5,325,324.5,327.5,328,328.5,329,329.5
1683766984574682920,326.5,326,325.5,325,324.5,327.5,328,328.5,329,329.5
1683766984607270819,326.5,326,325.5,325,324.5,327.5,328,328.5,329,329.5
1683766984607270819,326.5,326,325.5,325,324.5,327.5,328,328.5,329,329.5
1683766984607270819,326.5,326,325.5,325,324.5,327.5,328,328.5,329,329.5
1683766984642129742,326.5,326,325.5,325,324.5,327.5,328,328.5,329,329.5
1683766984698845936,326.5,326,325.5,325,324.5,327.5,328,328.5,329,329.5
1683766984708778486,326.5,326,325.5,325,324.5,327.5,328,328.5,329,329.5
1683766985014950323,326.5,326,325.5,325,324.5,327.5,328,328.5,329,329.5
1683766985017515429,326.5,326,325.5,325,324.5,327.5,328,328.5,329,329.5
1683766989709019473,326.5,326,325.5,325,324.5,327.5,328,328.5,329,329.5
1683766990182011272,326.5,326,325.5,325,324.5,327.5,328,328.5,329,329.5
1683766990575161805,327,326.5,326,325.5,325,327.5,328,328.5,329,329.5
1683766990606247383,327,326.5,326,325.5,325,327.5,328,328.5,329,329.5
1683766990606247383,326.5,326,325.5,325,324.5,327.5,328,328.5,329,329.5
1683766990628612948,326.5,326,325.5,325,324.5,327.5,328,328.5,329,329.5
1683766990659299467,326.5,326,325.5,325,324.5,327.5,328,328.5,329,329.5
1683766991201924062,326.5,326,325.5,325,324.5,327.5,328,328.5,329,329.5
1683766991362664879,326.5,326,325.5,325,324.5,327.5,328,328.5,329,329.5
1683766991385146001,326.5,326,325.5,325,324.5,327.5,328,328.5,329,329.5
1683766991395542702,326.5,326,325.5,325,324.5,327.5,328,328.5,329,329.5
1683766991429555387,326.5,326,325.5,325,324.5,327.5,328,328.5,329,329.5
1683766991440546704,326.5,326,325.5,325,324.5,327.5,328,328.5,329,329.5
1683766992593005572,326.5,326,325.5,325,324.5,327.5,328,328.5,329,329.5
1683766992613729815,326.5,326,325.5,325,324.5,327.5,328,328.5,329,329.5
1683766994815557701,326.5,326,325.5,325,324.5,327.5,328,328.5,329,329.5
1683766995061705063,326.5,326,325.5,325,324.5,327.5,328,328.5,329,329.5
1683766995248022904,326.5,326,325.5,325,324.5,327.5,328,328.5,329,329.5
1683766995371113477,327,326.5,326,325.5,325,327.5,328,328.5,329,329.5
1683766995404862436,327,326.5,326,325.5,325,327.5,328,328.5,329,329.5
1683766995404920244,326.5,326,325.5,325,324.5,327.5,328,328.5,329,329.5
1683766995427568280,326.5,326,325.5,325,324.5,327.5,328,328.5,329,329.5
1683766995447512899,326.5,326,325.5,325,324.5,327.5,328,328.5,329,329.5
1683766997192334052,326.5,326,325.5,325,324.5,327.5,328,328.5,329,329.5
1683766997224048100,326.5,326,325.5,325,324.5,327.5,328,328.5,329,329.5
1683766997737022021,326.5,326,325.5,325,324.5,327.5,328,328.5,329,329.5
1683766998102822491,326.5,326,325.5,325,324.5,327.5,328,328.5,329,329.5
1683766998136485869,326.5,326,325.5,325,324.5,327.5,328,328.5,329,329.5
1683766998292268686,326.5,326,325.5,325,324.5,327.5,328,328.5,329,329.5
1683766998690385445,326.5,326,325.5,325,324.5,327.5,328,328.5,329,329.5
1683766999762540038,326.5,326,325.5,325,324.5,327.5,328,328.5,329,329.5
1683767000293160243,327,326.5,326,325.5,325,327.5,328,328.5,329,329.5
1683767000313658662,327,326.5,326,325.5,325,327.5,328,328.5,329,329.5
1683767005122318326,327,326.5,326,325.5,325,327.5,328,328.5,329,329.5
1683767006674522489,327,326.5,326,325.5,325,327.5,328,328.5,329,329.5
1683767007003374873,327,326.5,326,325.5,325,327.5,328,328.5,329,329.5
1683767007529833383,327,326.5,326,325.5,325,327.5,328,328.5,329,329.5
1683767007640272401,327,326.5,326,325.5,325,327.5,328,328.5,329,329.5
1683767009095497480,327,326.5,326,325.5,325,327.5,328,328.5,329,329.5
1683767009220723192,327,326.5,326,325.5,325,327.5,328,328.5,329,329.5
1683767011367636919,327,326.5,326,325.5,325,327.5,328,328.5,329,329.5
1683767015732998209,327,326.5,326,325.5,325,327.5,328,328.5,329,329.5
1683767015800716662,327,326.5,326,325.5,325,327.5,328,328.5,329,329.5
1683767016116550881,327,326.5,326,325.5,325,327.5,328,328.5,329,329.5
1683767017451277446,327,326.5,326,325.5,325,327.5,328,328.5,329,329.5
1683767018610637852,327,326.5,326,325.5,325,327.5,328,328.5,329,329.5
1683767018833584621,327,326.5,326,325.5,325,327.5,328,328.5,329,329.5
1683767018843962066,327,326.5,326,325.5,325,327.5,328,328.5,329,329.5
1683767020119007159,327,326.5,326,325.5,325,327.5,328,328.5,329,329.5
1683767020151684226,326.5,326,325.5,325,324.5,327.5,328,328.5,329,329.5
1683767020199354064,326.5,326,325.5,325,324.5,327.5,328,328.5,329,329.5
1683767020231569233,326.5,326,325.5,325,324.5,327.5,328,328.5,329,329.5
1683767021572262912,326.5,326,325.5,325,324.5,327,327.5,328,328.5,329
1683767021592397007,326.5,326,325.5,325,324.5,327,327.5,328,328.5,329
1683767021592397007,326.5,326,325.5,325,324.5,327,327.5,328,328.5,329
1683767021592397007,326.5,326,325.5,325,324.5,327,327.5,328,328.5,329
1683767024882871254,326.5,326,325.5,325,324.5,327,327.5,328,328.5,329
1683767024915301908,326.5,326,325.5,325,324.5,327,327.5,328,328.5,329
1683767026577310157,326.5,326,325.5,325,324.5,327,327.5,328,328.5,329
1683767027150488973,326.5,326,325.5,325,324.5,327,327.5,328,328.5,329
1683767027491047887,326.5,326,325.5,325,324.5,327,327.5,328,328.5,329
1683767029588969013,326.5,326,325.5,325,324.5,327,327.5,328,328.5,329
1683767035548987412,326.5,326,325.5,325,324.5,327,327.5,328,328.5,329
1683767037922443179,326.5,326,325.5,325,324.5,327,327.5,328,328.5,329
1683767039215969584,326.5,326,325.5,325,324.5,327,327.5,328,328.5,329
1683767046005966894,326.5,326,325.5,325,324.5,327,327.5,328,328.5,329
1683767047283917112,326.5,326,325.5,325,324.5,327,327.5,328,328.5,329
1683767048413594304,326.5,326,325.5,325,324.5,327,327.5,328,328.5,329
1683767048877576085,326.5,326,325.5,325,324.5,327,327.5,328,328.5,329
1683767056996658158,326.5,326,325.5,325,324.5,327,327.5,328,328.5,329
1683767058235319976,326.5,326,325.5,325,324.5,327,327.5,328,328.5,329
1683767058390350391,326.5,326,325.5,325,324.5,327,327.5,328,328.5,329
1683767069967747443,326.5,326,325.5,325,324.5,327,327.5,328,328.5,329
1683767072454938468,326.5,326,325.5,325,324.5,327,327.5,328,328.5,329
1683767074215767731,326.5,326,325.5,325,324.5,327,327.5,328,328.5,329
1683767074246279291,326.5,326,325.5,325,324.5,327,327.5,328,328.5,329
1683767074246279291,326.5,326,325.5,325,324.5,327,327.5,328,328.5,329
1683767075296757976,326.5,326,325.5,325,324.5,327,327.5,328,328.5,329
1683767075319510247,326.5,326,325.5,325,324.5,327,327.5,328,328.5,329
1683767075319510247,326.5,326,325.5,325,324.5,327,327.5,328,328.5,329
1683767078650570003,326.5,326,325.5,325,324.5,327,327.5,328,328.5,329
1683767080723989816,326.5,326,325.5,325,324.5,327,327.5,328,328.5,329
1683767084288490075,326.5,326,325.5,325,324.5,327,327.5,328,328.5,329
1683767084766749144,326.5,326,325.5,325,324.5,327,327.5,328,328.5,329
1683767084789443666,326.5,326,325.5,325,324.5,327,327.5,328,328.5,329
1683767084822092350,326,325.5,325,324.5,324,327,327.5,328,328.5,329
1683767084822092350,326,325.5,325,324.5,324,327,327.5,328,328.5,329
1683767084856802864,326,325.5,325,324.5,324,327,327.5,328,328.5,329
1683767084856802864,326,325.5,325,324.5,324,327,327.5,328,328.5,329
1683767084856802864,326,325.5,325,324.5,324,327,327.5,328,328.5,329
1683767084867330682,326,325.5,325,324.5,324,327,327.5,328,328.5,329
1683767084867330682,326,325.5,325,324.5,324,327,327.5,328,328.5,329
1683767084867330682,326,325.5,325,324.5,324,327,327.5,328,328.5,329
1683767084889722727,326,325.5,325,324.5,324,327,327.5,328,328.5,329
1683767084889722727,326,325.5,325,324.5,324,327,327.5,328,328.5,329
1683767084889822133,326,325.5,325,324.5,324,327,327.5,328,328.5,329
1683767086360065865,326,325.5,325,324.5,324,327,327.5,328,328.5,329
1683767086609916901,326,325.5,325,324.5,324,327,327.5,328,328.5,329
1683767087341233918,326,325.5,325,324.5,324,327,327.5,328,328.5,329
1683767087374063210,325.5,325,324.5,324,323.5,327,327.5,328,328.5,329
1683767087406715420,325.5,325,324.5,324,323.5,327,327.5,328,328.5,329
1683767087406760875,325.5,325,324.5,324,323.5,327,327.5,328,328.5,329
1683767087406760875,325.5,325,324.5,324,323.5,327,327.5,328,328.5,329
1683767087416894012,325.5,325,324.5,324,323.5,327,327.5,328,328.5,329
1683767087439480442,325.5,325,324.5,324,323.5,327,327.5,328,328.5,329
1683767087439480442,325.5,325,324.5,324,323.5,327,327.5,328,328.5,329
1683767088737824394,325.5,325,324.5,324,323.5,327,327.5,328,328.5,329
1683767089429071342,325.5,325,324.5,324,323.5,327,327.5,328,328.5,329
1683767091673650565,325.5,325,324.5,324,323.5,327,327.5,328,328.5,329
1683767093083219841,325.5,325,324.5,324,323.5,326.5,327,327.5,328,328.5
1683767093117562745,325.5,325,324.5,324,323.5,326.5,327,327.5,328,328.5
1683767093117562745,325.5,325,324.5,324,323.5,326.5,327,327.5,328,328.5
1683767093117736081,325.5,325,324.5,324,323.5,326.5,327,327.5,328,328.5
1683767093117736081,325.5,325,324.5,324,323.5,326.5,327,327.5,328,328.5
1683767093127779088,325.5,325,324.5,324,323.5,326.5,327,327.5,328,328.5
1683767093127779088,325.5,325,324.5,324,323.5,326.5,327,327.5,328,328.5
1683767093127814064,325.5,325,324.5,324,323.5,326.5,327,327.5,328,328.5
1683767093150420731,325.5,325,324.5,324,323.5,326.5,327,327.5,328,328.5
1683767093183337207,325.5,325,324.5,324,323.5,326.5,327,327.5,328,328.5
1683767093275261220,325.5,325,324.5,324,323.5,326.5,327,327.5,328,328.5
1683767093850860461,325.5,325,324.5,324,323.5,326.5,327,327.5,328,328.5
1683767095327408240,325.5,325,324.5,324,323.5,326.5,327,327.5,328,328.5
1683767096977252281,325.5,325,324.5,324,323.5,326.5,327,327.5,328,328.5
1683767097521004815,325.5,325,324.5,324,323.5,326.5,327,327.5,328,328.5
1683767099022006850,325.5,325,324.5,324,323.5,326,326.5,327,327.5,328
1683767099052844784,325.5,325,324.5,324,323.5,326,326.5,327,327.5,328
1683767099052844784,325.5,325,324.5,324,323.5,326,326.5,327,327.5,328
1683767099052844784,325.5,325,324.5,324,323.5,326,326.5,327,327.5,328
1683767101005873834,325.5,325,324.5,324,323.5,326,326.5,327,327.5,328
1683767101666280976,325.5,325,324.5,324,323.5,326,326.5,327,327.5,328
1683767101690831363,325.5,325,324.5,324,323.5,326,326.5,327,327.5,328
1683767102454340736,325.5,325,324.5,324,323.5,326,326.5,327,327.5,328
1683767102475870933,325,324.5,324,323.5,323,326,326.5,327,327.5,328
1683767102500348564,325,324.5,324,323.5,323,326,326.5,327,327.5,328
1683767102500348564,325,324.5,324,323.5,323,326,326.5,327,327.5,328
1683767102510019603,325,324.5,324,323.5,323,326,326.5,327,327.5,328
1683767102522091269,325,324.5,324,323.5,323,326,326.5,327,327.5,328
1683767103130522488,325,324.5,324,323.5,323,325.5,326,326.5,327,327.5
1683767103163234109,325,324.5,324,323.5,323,325.5,326,326.5,327,327.5
1683767103163234109,325,324.5,324,323.5,323,325.5,326,326.5,327,327.5
1683767103173663162,325,324.5,324,323.5,323,325.5,326,326.5,327,327.5
1683767103195844400,325,324.5,324,323.5,323,325.5,326,326.5,327,327.5
1683767103195869588,325,324.5,324,323.5,323,325.5,326,326.5,327,327.5
1683767103208325586,325,324.5,324,323.5,323,325.5,326,326.5,327,327.5
1683767103231058270,325,324.5,324,323.5,323,325.5,326,326.5,327,327.5
1683767104870046097,325,324.5,324,323.5,323,325.5,326,326.5,327,327.5
1683767105739722516,325,324.5,324,323.5,323,325.5,326,326.5,327,327.5
1683767107038099871,325,324.5,324,323.5,323,325.5,326,326.5,327,327.5
1683767107673946657,325,324.5,324,323.5,323,325.5,326,326.5,327,327.5
1683767109634251109,325,324.5,324,323.5,323,325.5,326,326.5,327,327.5
1683767110166521343,325,324.5,324,323.5,323,325.5,326,326.5,327,327.5
1683767110278981174,325,324.5,324,323.5,323,325.5,326,326.5,327,327.5
1683767110301845105,325,324.5,324,323.5,323,325.5,326,326.5,327,327.5
1683767110301940244,324.5,324,323.5,323,322.5,325.5,326,326.5,327,327.5
1683767110336249164,324.5,324,323.5,323,322.5,325.5,326,326.5,327,327.5
1683767110336249164,324.5,324,323.5,323,322.5,325.5,326,326.5,327,327.5
1683767110336415897,324.5,324,323.5,323,322.5,325.5,326,326.5,327,327.5
1683767110356786487,324.5,324,323.5,323,322.5,325.5,326,326.5,327,327.5
1683767110377327947,324.5,324,323.5,323,322.5,325.5,326,326.5,327,327.5
1683767110377327947,324.5,324,323.5,323,322.5,325.5,326,326.5,327,327.5
1683767110412307426,324,323.5,323,322.5,322,325.5,326,326.5,327,327.5
1683767110446495510,324,323.5,323,322.5,322,325.5,326,326.5,327,327.5
1683767110446495510,324,323.5,323,322.5,322,325.5,326,326.5,327,327.5
1683767110456853008,324,323.5,323,322.5,322,325.5,326,326.5,327,327.5
1683767110468682259,324,323.5,323,322.5,322,325.5,326,326.5,327,327.5
1683767112483242645,324,323.5,323,322.5,322,325,325.5,326,326.5,327
1683767112517571393,324,323.5,323,322.5,322,325,325.5,326,326.5,327
1683767112517624853,324,323.5,323,322.5,322,325,325.5,326,326.5,327
1683767112517624853,324,323.5,323,322.5,322,325,325.5,326,326.5,327
1683767114189655163,324,323.5,323,322.5,322,325,325.5,326,326.5,327
1683767114302823976,324,323.5,323,322.5,322,325,325.5,326,326.5,327
1683767114640270617,324,323.5,323,322.5,322,325,325.5,326,326.5,327
1683767114675904024,324,323.5,323,322.5,322,325,325.5,326,326.5,327
1683767116574879951,324.5,324,323.5,323,322.5,325,325.5,326,326.5,327
1683767116608325731,324.5,324,323.5,323,322.5,325,325.5,326,326.5,327
1683767116643231383,324.5,324,323.5,323,322.5,325,325.5,326,326.5,327
1683767117921378673,324.5,324,323.5,323,322.5,325,325.5,326,326.5,327
1683767117982630974,324.5,324,323.5,323,322.5,325,325.5,326,326.5,327
1683767117992869749,324.5,324,323.5,323,322.5,325,325.5,326,326.5,327
1683767118005809956,324,323.5,323,322.5,322,325,325.5,326,326.5,327
1683767118048115191,324,323.5,323,322.5,322,325,325.5,326,326.5,327
1683767118048115191,324,323.5,323,322.5,322,325,325.5,326,326.5,327
1683767118084099988,324,323.5,323,322.5,322,325,325.5,326,326.5,327
1683767118219289068,324,323.5,323,322.5,322,325,325.5,326,326.5,327
1683767118253220339,324,323.5,323,322.5,322,325,325.5,326,326.5,327
1683767120535044587,324,323.5,323,322.5,322,324.5,325,325.5,326,326.5
1683767120556915784,324,323.5,323,322.5,322,324.5,325,325.5,326,326.5
1683767120556975135,323.5,323,322.5,322,321.5,324.5,325,325.5,326,326.5
1683767120556975135,323.5,323,322.5,322,321.5,324.5,325,325.5,326,326.5
1683767120557110309,323.5,323,322.5,322,321.5,324.5,325,325.5,326,326.5
1683767120592444635,323.5,323,322.5,322,321.5,324.5,325,325.5,326,326.5
1683767120592529955,323.5,323,322.5,322,321.5,324.5,325,325.5,326,326.5
1683767120592529955,323.5,323,322.5,322,321.5,324.5,325,325.5,326,326.5
1683767120592529955,323.5,323,322.5,322,321.5,324.5,325,325.5,326,326.5
1683767120604214515,323.5,323,322.5,322,321.5,324.5,325,325.5,326,326.5
1683767120604325884,323.5,323,322.5,322,321.5,324.5,325,325.5,326,326.5
1683767120626868371,323.5,323,322.5,322,321.5,324.5,325,325.5,326,326.5
1683767120626868371,323.5,323,322.5,322,321.5,324.5,325,325.5,326,326.5
1683767120649110825,323.5,323,322.5,322,321.5,324.5,325,325.5,326,326.5
1683767120659512576,323.5,323,322.5,322,321.5,324.5,325,325.5,326,326.5
1683767120770051902,323.5,323,322.5,322,321.5,324.5,325,325.5,326,326.5
1683767121947654272,323.5,323,322.5,322,321.5,324.5,325,325.5,326,326.5
1683767121988882255,323.5,323,322.5,322,321.5,324.5,325,325.5,326,326.5
1683767122196377330,323,322.5,322,321.5,321,324.5,325,325.5,326,326.5
1683767122229327460,323,322.5,322,321.5,321,324.5,325,325.5,326,326.5
1683767122229327460,323,322.5,322,321.5,321,324.5,325,325.5,326,326.5
1683767122229327460,323,322.5,322,321.5,321,324.5,325,325.5,326,326.5
1683767122241426317,323,322.5,322,321.5,321,324.5,325,325.5,326,326.5
1683767122264145186,323,322.5,322,321.5,321,324.5,325,325.5,326,326.5
1683767123847105532,323,322.5,322,321.5,321,324.5,325,325.5,326,326.5
1683767124780256015,323,322.5,322,321.5,321,324.5,325,325.5,326,326.5
1683767126059909834,323,322.5,322,321.5,321,324.5,325,325.5,326,326.5
1683767126100929004,323,322.5,322,321.5,321,324.5,325,325.5,326,326.5
1683767126896582704,323,322.5,322,321.5,321,324.5,325,325.5,326,326.5
1683767126927385070,323,322.5,322,321.5,321,324,324.5,325,325.5,326
1683767126958086036,323,322.5,322,321.5,321,324,324.5,325,325.5,326
1683767126958086036,323,322.5,322,321.5,321,324,324.5,325,325.5,326
1683767126989014810,323,322.5,322,321.5,321,324,324.5,325,325.5,326
1683767126989014810,323,322.5,322,321.5,321,324,324.5,325,325.5,326
1683767127011821664,323,322.5,322,321.5,321,324,324.5,325,325.5,326
1683767127021484978,323,322.5,322,321.5,321,324,324.5,325,325.5,326
1683767127021484978,323,322.5,322,321.5,321,324,324.5,325,325.5,326
1683767127021484978,323,322.5,322,321.5,321,324,324.5,325,325.5,326
1683767127041973128,323,322.5,322,321.5,321,324,324.5,325,325.5,326
1683767127053389444,323,322.5,322,321.5,321,324,324.5,325,325.5,326
1683767127053389444,323,322.5,322,321.5,321,324,324.5,325,325.5,326
1683767127075878902,323,322.5,322,321.5,321,324,324.5,325,325.5,326
1683767127075936199,323,322.5,322,321.5,321,324,324.5,325,325.5,326
1683767127241898961,323,322.5,322,321.5,321,324,324.5,325,325.5,326
1683767127272409079,323,322.5,322,321.5,321,324,324.5,325,325.5,326
1683767127293043183,323,322.5,322,321.5,321,324,324.5,325,325.5,326
1683767127828524667,323,322.5,322,321.5,321,324,324.5,325,325.5,326
1683767127860474628,323,322.5,322,321.5,321,324,324.5,325,325.5,326
1683767127883023337,323,322.5,322,321.5,321,324,324.5,325,325.5,326
1683767128381899238,323,322.5,322,321.5,321,324,324.5,325,325.5,326
1683767129256076278,323,322.5,322,321.5,321,324,324.5,325,325.5,326
1683767129288720453,323,322.5,322,321.5,321,324,324.5,325,325.5,326
1683767129333858097,323,322.5,322,321.5,321,324,324.5,325,325.5,326
1683767129354439101,323,322.5,322,321.5,321,324,324.5,325,325.5,326
1683767129354439101,323,322.5,322,321.5,321,324,324.5,325,325.5,326
1683767129487708776,323,322.5,322,321.5,321,324,324.5,325,325.5,326
1683767129756822611,323,322.5,322,321.5,321,324,324.5,325,325.5,326
1683767129816259053,323,322.5,322,321.5,321,324,324.5,325,325.5,326
1683767130318997948,323,322.5,322,321.5,321,324,324.5,325,325.5,326
1683767131728354815,323,322.5,322,321.5,321,324,324.5,325,325.5,326
1683767131728437801,323,322.5,322,321.5,321,324,324.5,325,325.5,326
1683767131760971799,323,322.5,322,321.5,321,324,324.5,325,325.5,326
1683767131760971799,323,322.5,322,321.5,321,324,324.5,325,325.5,326
1683767131761026622,323,322.5,322,321.5,321,324,324.5,325,325.5,326
1683767131761026622,323,322.5,322,321.5,321,324,324.5,325,325.5,326
1683767131795469965,323,322.5,322,321.5,321,324,324.5,325,325.5,326
1683767131795469965,323,322.5,322,321.5,321,324,324.5,325,325.5,326
1683767131795576756,323,322.5,322,321.5,321,324,324.5,325,325.5,326
1683767131818011160,323,322.5,322,321.5,321,324,324.5,325,325.5,326
1683767131840594764,323,322.5,322,321.5,321,324,324.5,325,325.5,326
1683767131840594764,323,322.5,322,321.5,321,324,324.5,325,325.5,326
1683767131850923067,323,322.5,322,321.5,321,324,324.5,325,325.5,326
1683767131850923067,323,322.5,322,321.5,321,324,324.5,325,325.5,326
1683767131873342704,323,322.5,322,321.5,321,324,324.5,325,325.5,326
1683767131873342704,323,322.5,322,321.5,321,324,324.5,325,325.5,326
1683767133059058689,323,322.5,322,321.5,321,324,324.5,325,325.5,326
1683767133339722201,323,322.5,322,321.5,321,324,324.5,325,325.5,326
1683767133370641878,323,322.5,322,321.5,321,324,324.5,325,325.5,326
1683767133370797981,323,322.5,322,321.5,321,324,324.5,325,325.5,326
1683767133413696350,323,322.5,322,321.5,321,324,324.5,325,325.5,326
1683767133444119404,323,322.5,322,321.5,321,324,324.5,325,325.5,326
1683767134535791807,323,322.5,322,321.5,321,324,324.5,325,325.5,326
1683767136169034047,323,322.5,322,321.5,321,324,324.5,325,325.5,326
1683767137923652760,323.5,323,322.5,322,321.5,324,324.5,325,325.5,326
1683767137955933472,323.5,323,322.5,322,321.5,324,324.5,325,325.5,326
1683767137990793257,323.5,323,322.5,322,321.5,324,324.5,325,325.5,326
1683767138093644568,323.5,323,322.5,322,321.5,324,324.5,325,325.5,326
1683767138190574449,323.5,323,322.5,322,321.5,324,324.5,325,325.5,326
1683767138766022818,323.5,323,322.5,322,321.5,324,324.5,325,325.5,326
1683767139069077282,323.5,323,322.5,322,321.5,324,324.5,325,325.5,326
1683767139115134442,323.5,323,322.5,322,321.5,324,324.5,325,325.5,326
1683767139888229224,323.5,323,322.5,322,321.5,324,324.5,325,325.5,326
1683767140740654311,323.5,323,322.5,322,321.5,324,324.5,325,325.5,326
1683767141096601531,323.5,323,322.5,322,321.5,324,324.5,325,325.5,326
1683767141781687932,323.5,323,322.5,322,321.5,324,324.5,325,325.5,326
1683767142146898535,323.5,323,322.5,322,321.5,324,324.5,325,325.5,326
1683767142203802882,323.5,323,322.5,322,321.5,324.5,325,325.5,326,326.5
1683767142234306548,323.5,323,322.5,322,321.5,324.5,325,325.5,326,326.5
1683767142234306548,323.5,323,322.5,322,321.5,324.5,325,325.5,326,326.5
1683767142234321877,323.5,323,322.5,322,321.5,324.5,325,325.5,326,326.5
1683767143240759057,323.5,323,322.5,322,321.5,324.5,325,325.5,326,326.5
1683767144226363060,323.5,323,322.5,322,321.5,324.5,325,325.5,326,326.5
1683767144450221621,323.5,323,322.5,322,321.5,324.5,325,325.5,326,326.5
1683767145839083096,323.5,323,322.5,322,321.5,324.5,325,325.5,326,326.5
1683767147055683973,323.5,323,322.5,322,321.5,324,324.5,325,325.5,326
1683767147080510970,323.5,323,322.5,322,321.5,324.5,325,325.5,326,326.5
1683767147080510970,324,323.5,323,322.5,322,324.5,325,325.5,326,326.5
1683767147103077332,324,323.5,323,322.5,322,324.5,325,325.5,326,326.5
1683767147123382638,324,323.5,323,322.5,322,324.5,325,325.5,326,326.5
1683767147123382638,324,323.5,323,322.5,322,324.5,325,325.5,326,326.5
1683767147123382638,324,323.5,323,322.5,322,325,325.5,326,326.5,327
1683767147147253360,324,323.5,323,322.5,322,325,325.5,326,326.5,327
1683767147147425793,324,323.5,323,322.5,322,325,325.5,326,326.5,327
1683767147147425793,324,323.5,323,322.5,322,325,325.5,326,326.5,327
1683767147147425793,324,323.5,323,322.5,322,325,325.5,326,326.5,327
1683767147155696804,324,323.5,323,322.5,322,325,325.5,326,326.5,327
1683767148884219869,324,323.5,323,322.5,322,325,325.5,326,326.5,327
1683767148905564196,324,323.5,323,322.5,322,325.5,326,326.5,327,327.5
1683767148905564196,324,323.5,323,322.5,322,325.5,326,326.5,327,327.5
1683767148926301193,324.5,324,323.5,323,322.5,325.5,326,326.5,327,327.5
1683767148926301193,324.5,324,323.5,323,322.5,325.5,326,326.5,327,327.5
1683767148926301193,324.5,324,323.5,323,322.5,326,326.5,327,327.5,328
1683767148946795034,324.5,324,323.5,323,322.5,326,326.5,327,327.5,328
1683767148956900839,324.5,324,323.5,323,322.5,326,326.5,327,327.5,328
1683767148967348847,324.5,324,323.5,323,322.5,326,326.5,327,327.5,328
1683767148967348847,324.5,324,323.5,323,322.5,326,326.5,327,327.5,328
1683767149408498307,324.5,324,323.5,323,322.5,326,326.5,327,327.5,328
1683767149534167542,324.5,324,323.5,323,322.5,326,326.5,327,327.5,328
1683767149565299858,324.5,324,323.5,323,322.5,326,326.5,327,327.5,328
1683767150411954971,324.5,324,323.5,323,322.5,326,326.5,327,327.5,328
1683767150432561914,324.5,324,323.5,323,322.5,326,326.5,327,327.5,328
1683767151089847345,324.5,324,323.5,323,322.5,326,326.5,327,327.5,328
1683767153810794760,324.5,324,323.5,323,322.5,326,326.5,327,327.5,328
1683767153841386771,324.5,324,323.5,323,322.5,326,326.5,327,327.5,328
1683767155767834483,325,324.5,324,323.5,323,326,326.5,327,327.5,328
1683767155800847911,325,324.5,324,323.5,323,326,326.5,327,327.5,328
1683767155801686415,325,324.5,324,323.5,323,326,326.5,327,327.5,328
1683767155801686415,325,324.5,324,323.5,323,326,326.5,327,327.5,328
1683767155801686415,325,324.5,324,323.5,323,326,326.5,327,327.5,328
1683767155836228944,325,324.5,324,323.5,323,326,326.5,327,327.5,328
1683767155836272376,325,324.5,324,323.5,323,326,326.5,327,327.5,328
1683767158911496082,325,324.5,324,323.5,323,326,326.5,327,327.5,328
1683767158946261660,325,324.5,324,323.5,323,326,326.5,327,327.5,328
1683767159818566746,325,324.5,324,323.5,323,326,326.5,327,327.5,328
1683767161268667849,325,324.5,324,323.5,323,326,326.5,327,327.5,328
1683767161580077341,325,324.5,324,323.5,323,326,326.5,327,327.5,328
1683767162022553903,325,324.5,324,323.5,323,326,326.5,327,327.5,328
1683767163899262151,325,324.5,324,323.5,323,326,326.5,327,327.5,328
1683767163964858519,325,324.5,324,323.5,323,326,326.5,327,327.5,328
1683767164566956186,325,324.5,324,323.5,323,326,326.5,327,327.5,328
1683767164886395766,325,324.5,324,323.5,323,326,326.5,327,327.5,328
1683767165999474294,325,324.5,324,323.5,323,326,326.5,327,327.5,328
1683767166897661127,325,324.5,324,323.5,323,326,326.5,327,327.5,328
1683767167830387023,325,324.5,324,323.5,323,326,326.5,327,327.5,328
1683767167931209994,325,324.5,324,323.5,323,326,326.5,327,327.5,328
1683767168720360724,325,324.5,324,323.5,323,326,326.5,327,327.5,328
1683767169222285180,325,324.5,324,323.5,323,326,326.5,327,327.5,328
1683767169367900607,325,324.5,324,323.5,323,326,326.5,327,327.5,328
1683767169367900607,325,324.5,324,323.5,323,326,326.5,327,327.5,328
1683767169619452236,325,324.5,324,323.5,323,326,326.5,327,327.5,328
1683767171601098242,325,324.5,324,323.5,323,326,326.5,327,327.5,328
1683767171915246927,325,324.5,324,323.5,323,326,326.5,327,327.5,328
1683767172890121104,325,324.5,324,323.5,323,326,326.5,327,327.5,328
1683767175481062982,325,324.5,324,323.5,323,326,326.5,327,327.5,328
1683767175516074252,325,324.5,324,323.5,323,326,326.5,327,327.5,328
1683767175548681156,325,324.5,324,323.5,323,326.5,327,327.5,328,328.5
1683767175581236424,325.5,325,324.5,324,323.5,326.5,327,327.5,328,328.5
1683767175581236424,325.5,325,324.5,324,323.5,326.5,327,327.5,328,328.5
1683767175581236424,325.5,325,324.5,324,323.5,326.5,327,327.5,328,328.5
1683767175613962784,325.5,325,324.5,324,323.5,326.5,327,327.5,328,328.5
1683767175614136650,325.5,325,324.5,324,323.5,326.5,327,327.5,328,328.5
1683767175614136650,325.5,325,324.5,324,323.5,326.5,327,327.5,328,328.5
1683767175647069467,325.5,325,324.5,324,323.5,326.5,327,327.5,328,328.5
1683767176118199220,325.5,325,324.5,324,323.5,326,326.5,327,327.5,328
1683767176148516816,325.5,325,324.5,324,323.5,326.5,327,327.5,328,328.5
1683767176148560749,326,325.5,325,324.5,324,326.5,327,327.5,328,328.5
1683767176148560749,326,325.5,325,324.5,324,326.5,327,327.5,328,328.5
1683767176169594944,326,325.5,325,324.5,324,326.5,327,327.5,328,328.5
1683767176169676377,326,325.5,325,324.5,324,327,327.5,328,328.5,329
1683767176169676377,326,325.5,325,324.5,324,327,327.5,328,328.5,329
1683767176191722943,326,325.5,325,324.5,324,327,327.5,328,328.5,329
1683767176191781974,326,325.5,325,324.5,324,327,327.5,328,328.5,329
1683767176405530642,326,325.5,325,324.5,324,327,327.5,328,328.5,329
1683767181672102045,326,325.5,325,324.5,324,327,327.5,328,328.5,329
1683767181703741944,326,325.5,325,324.5,324,327,327.5,328,328.5,329
1683767182105162938,326,325.5,325,324.5,324,327,327.5,328,328.5,329
1683767183478471961,326,325.5,325,324.5,324,327,327.5,328,328.5,329
1683767183511251340,326,325.5,325,324.5,324,327,327.5,328,328.5,329
1683767183511251340,326,325.5,325,324.5,324,327,327.5,328,328.5,329
1683767184178947559,326,325.5,325,324.5,324,327,327.5,328,328.5,329
1683767185902239192,326,325.5,325,324.5,324,327,327.5,328,328.5,329
1683767185922844733,326,325.5,325,324.5,324,327,327.5,328,328.5,329
1683767187446699350,326,325.5,325,324.5,324,327,327.5,328,328.5,329
1683767187457723169,326,325.5,325,324.5,324,327,327.5,328,328.5,329
1683767188351465648,326.5,326,325.5,325,324.5,327,327.5,328,328.5,329
1683767188384383076,326.5,326,325.5,325,324.5,327,327.5,328,328.5,329
1683767188384419825,326.5,326,325.5,325,324.5,327,327.5,328,328.5,329
1683767188407135277,326.5,326,325.5,325,324.5,327,327.5,328,328.5,329
1683767188709394468,326.5,326,325.5,325,324.5,327,327.5,328,328.5,329
1683767189356297194,326.5,326,325.5,325,324.5,327,327.5,328,328.5,329
1683767191014203055,326.5,326,325.5,325,324.5,327,327.5,328,328.5,329
1683767191820156986,326.5,326,325.5,325,324.5,327,327.5,328,328.5,329
1683767193632710193,326.5,326,325.5,325,324.5,327,327.5,328,328.5,329
1683767193939616450,326,325.5,325,324.5,324,327,327.5,328,328.5,329
1683767193974454835,326,325.5,325,324.5,324,327,327.5,328,328.5,329
1683767194006204159,326,325.5,325,324.5,324,327,327.5,328,328.5,329
1683767194286783824,326,325.5,325,324.5,324,327,327.5,328,328.5,329
1683767195154073433,326,325.5,325,324.5,324,327,327.5,328,328.5,329
1683767196028723943,326.5,326,325.5,325,324.5,327,327.5,328,328.5,329
1683767196061535642,326.5,326,325.5,325,324.5,327,327.5,328,328.5,329
1683767196061535642,326.5,326,325.5,325,324.5,327,327.5,328,328.5,329
1683767196096265643,326.5,326,325.5,325,324.5,327,327.5,328,328.5,329
1683767196096289478,326.5,326,325.5,325,324.5,327,327.5,328,328.5,329
1683767196128689665,326.5,326,325.5,325,324.5,327,327.5,328,328.5,329
1683767199675397512,326.5,326,325.5,325,324.5,327,327.5,328,328.5,329
1683767200282338563,326.5,326,325.5,325,324.5,327,327.5,328,328.5,329
1683767200315119205,326.5,326,325.5,325,324.5,327,327.5,328,328.5,329
1683767201470097164,326.5,326,325.5,325,324.5,327,327.5,328,328.5,329
1683767202205551284,326.5,326,325.5,325,324.5,327,327.5,328,328.5,329
1683767202603785878,326.5,326,325.5,325,324.5,327,327.5,328,328.5,329
1683767204088613354,326.5,326,325.5,325,324.5,327,327.5,328,328.5,329
1683767204120379661,326.5,326,325.5,325,324.5,327,327.5,328,328.5,329
1683767204130628856,326.5,326,325.5,325,324.5,327,327.5,328,328.5,329
1683767204140803791,326.5,326,325.5,325,324.5,327,327.5,328,328.5,329
1683767204151986299,326.5,326,325.5,325,324.5,327,327.5,328,328.5,329
1683767204172453179,326.5,326,325.5,325,324.5,327,327.5,328,328.5,329
1683767204194240489,326.5,326,325.5,325,324.5,327,327.5,328,328.5,329
1683767204206939474,326.5,326,325.5,325,324.5,327,327.5,328,328.5,329
1683767204229086720,326.5,326,325.5,325,324.5,327,327.5,328,328.5,329
1683767205104435189,326.5,326,325.5,325,324.5,327,327.5,328,328.5,329
1683767205137235027,326.5,326,325.5,325,324.5,327,327.5,328,328.5,329
1683767207691546240,326.5,326,325.5,325,324.5,327,327.5,328,328.5,329
1683767207723965233,326.5,326,325.5,325,324.5,327,327.5,328,328.5,329
1683767207862128983,326.5,326,325.5,325,324.5,327,327.5,328,328.5,329
1683767210016874281,326.5,326,325.5,325,324.5,327,327.5,328,328.5,329
1683767211415410178,326.5,326,325.5,325,324.5,327,327.5,328,328.5,329
1683767211752646556,326.5,326,325.5,325,324.5,327,327.5,328,328.5,329
1683767212639230983,326.5,326,325.5,325,324.5,327,327.5,328,328.5,329
1683767213020830421,326.5,326,325.5,325,324.5,327,327.5,328,328.5,329
1683767217112847159,326.5,326,325.5,325,324.5,327,327.5,328,328.5,329
1683767217285816883,326.5,326,325.5,325,324.5,327,327.5,328,328.5,329
1683767217310739350,326.5,326,325.5,325,324.5,327,327.5,328,328.5,329
1683767217344847515,326.5,326,325.5,325,324.5,327,327.5,328,328.5,329
1683767218475935135,326.5,326,325.5,325,324.5,327,327.5,328,328.5,329
1683767218916965777,326.5,326,325.5,325,324.5,327,327.5,328,328.5,329
1683767218946974203,326.5,326,325.5,325,324.5,327,327.5,328,328.5,329
1683767218979741430,326.5,326,325.5,325,324.5,327,327.5,328,328.5,329
1683767219991081491,326.5,326,325.5,325,324.5,327,327.5,328,328.5,329
1683767220318073102,326.5,326,325.5,325,324.5,327,327.5,328,328.5,329
1683767220432750120,326.5,326,325.5,325,324.5,327,327.5,328,328.5,329
1683767220784825632,326.5,326,325.5,325,324.5,327,327.5,328,328.5,329
1683767221421610070,326.5,326,325.5,325,324.5,327,327.5,328,328.5,329
1683767221834727589,326.5,326,325.5,325,324.5,327,327.5,328,328.5,329
1683767225302131764,326.5,326,325.5,325,324.5,327,327.5,328,328.5,329
1683767227187293427,326.5,326,325.5,325,324.5,327,327.5,328,328.5,329
1683767229953280072,326.5,326,325.5,325,324.5,327,327.5,328,328.5,329
1683767229985510090,326.5,326,325.5,325,324.5,327,327.5,328,328.5,329
1683767230007504058,326.5,326,325.5,325,324.5,327,327.5,328,328.5,329
1683767230973098472,326.5,326,325.5,325,324.5,327,327.5,328,328.5,329
1683767232417133302,326.5,326,325.5,325,324.5,327,327.5,328,328.5,329
1683767232693322522,326.5,326,325.5,325,324.5,327,327.5,328,328.5,329
1683767232867384217,326.5,326,325.5,325,324.5,327,327.5,328,328.5,329
1683767236452500009,326.5,326,325.5,325,324.5,327,327.5,328,328.5,329
1683767236542791368,326.5,326,325.5,325,324.5,327,327.5,328,328.5,329
1683767237341553762,326.5,326,325.5,325,324.5,327,327.5,328,328.5,329
1683767237470356625,326.5,326,325.5,325,324.5,327,327.5,328,328.5,329
1683767237501143734,326.5,326,325.5,325,324.5,327.5,328,328.5,329,329.5
1683767237501143734,327,326.5,326,325.5,325,327.5,328,328.5,329,329.5
1683767237501143734,327,326.5,326,325.5,325,327.5,328,328.5,329,329.5
1683767237531789778,327,326.5,326,325.5,325,327.5,328,328.5,329,329.5
1683767237531789778,327,326.5,326,325.5,325,328,328.5,329,329.5,330
1683767237531907699,327.5,327,326.5,326,325.5,328,328.5,329,329.5,330
1683767237531907699,327.5,327,326.5,326,325.5,328,328.5,329,329.5,330
1683767237554574942,327.5,327,326.5,326,325.5,328,328.5,329,329.5,330
1683767237554695488,327.5,327,326.5,326,325.5,328,328.5,329,329.5,330
1683767237554695488,327.5,327,326.5,326,325.5,328,328.5,329,329.5,330
1683767237564773161,327.5,327,326.5,326,325.5,328,328.5,329,329.5,330
1683767237588239564,327.5,327,326.5,326,325.5,328,328.5,329,329.5,330
1683767237675635256,327.5,327,326.5,326,325.5,328,328.5,329,329.5,330
1683767237815514788,327,326.5,326,325.5,325,328,328.5,329,329.5,330
1683767237848641259,327,326.5,326,325.5,325,328,328.5,329,329.5,330
1683767237848641259,327,326.5,326,325.5,325,328,328.5,329,329.5,330
1683767237880994018,327,326.5,326,325.5,325,328,328.5,329,329.5,330
1683767238709706098,0,0,0,0,0,0,0,0,0,0
1683767238709706098,326.5,326,325.5,325,324.5,328,328.5,329,329.5,330
1683767238733109863,326.5,326,325.5,325,324.5,328,328.5,329,329.5,330
1683767238743905514,326.5,326,325.5,325,324.5,328,328.5,329,329.5,330
1683767238743905514,326.5,326,325.5,325,324.5,328,328.5,329,329.5,330
1683767238743989502,326,325.5,325,324.5,324,328,328.5,329,329.5,330
1683767238743989502,326.5,326,325.5,325,324.5,328,328.5,329,329.5,330
1683767238765733150,326.5,326,325.5,325,324.5,328,328.5,329,329.5,330
1683767238765733150,326,325.5,325,324.5,324,328,328.5,329,329.5,330
1683767238778121501,326,325.5,325,324.5,324,328,328.5,329,329.5,330
1683767238778201291,326,325.5,325,324.5,324,328,328.5,329,329.5,330
1683767238798476602,326.5,326,325.5,325,324.5,328,328.5,329,329.5,330
1683767238798476602,326.5,326,325.5,325,324.5,328,328.5,329,329.5,330
1683767238798530113,326.5,326,325.5,325,324.5,328,328.5,329,329.5,330
1683767238808735596,326.5,326,325.5,325,324.5,328,328.5,329,329.5,330
1683767238829238634,326.5,326,325.5,325,324.5,328,328.5,329,329.5,330
1683767238839423218,326.5,326,325.5,325,324.5,328,328.5,329,329.5,330
1683767238839423218,326.5,326,325.5,325,324.5,328,328.5,329,329.5,330
1683767238880447799,326.5,326,325.5,325,324.5,328,328.5,329,329.5,330
1683767239709121307,326.5,326,325.5,325,324.5,328,328.5,329,329.5,330
1683767239753967916,327,326.5,326,325.5,325,328,328.5,329,329.5,330
1683767239753967916,327,326.5,326,325.5,325,328,328.5,329,329.5,330
1683767239792927209,327,326.5,326,325.5,325,328,328.5,329,329.5,330
1683767239792927209,326.5,326,325.5,325,324.5,328,328.5,329,329.5,330
1683767239826486564,326.5,326,325.5,325,324.5,328,328.5,329,329.5,330
1683767239826486564,326.5,326,325.5,325,324.5,328,328.5,329,329.5,330
1683767239859430352,326.5,326,325.5,325,324.5,328,328.5,329,329.5,330
1683767240688627523,326.5,326,325.5,325,324.5,328,328.5,329,329.5,330
1683767242213654853,326.5,326,325.5,325,324.5,328,328.5,329,329.5,330
1683767243596351929,326.5,326,325.5,325,324.5,328,328.5,329,329.5,330
1683767244123535340,326.5,326,325.5,325,324.5,328,328.5,329,329.5,330
1683767244222058246,326.5,326,325.5,325,324.5,328,328.5,329,329.5,330
1683767244257195083,326.5,326,325.5,325,324.5,328,328.5,329,329.5,330
1683767244257195083,326.5,326,325.5,325,324.5,328,328.5,329,329.5,330
1683767245293031229,326.5,326,325.5,325,324.5,328,328.5,329,329.5,330
1683767245325666158,326.5,326,325.5,325,324.5,327.5,328,328.5,329,329.5
1683767245335806739,326.5,326,325.5,325,324.5,327.5,328,328.5,329,329.5
1683767245335806739,326.5,326,325.5,325,324.5,327.5,328,328.5,329,329.5
1683767245358352883,326.5,326,325.5,325,324.5,327.5,328,328.5,329,329.5
1683767245413759019,326.5,326,325.5,325,324.5,327.5,328,328.5,329,329.5
1683767246442699338,326.5,326,325.5,325,324.5,327.5,328,328.5,329,329.5
1683767246705146344,326.5,326,325.5,325,324.5,327.5,328,328.5,329,329.5
1683767250582875565,326.5,326,325.5,325,324.5,327.5,328,328.5,329,329.5
1683767252387259953,326.5,326,325.5,325,324.5,327.5,328,328.5,329,329.5
1683767252422216631,326.5,326,325.5,325,324.5,327.5,328,328.5,329,329.5
1683767252738038298,326.5,326,325.5,325,324.5,327.5,328,328.5,329,329.5
1683767253693738103,326.5,326,325.5,325,324.5,327.5,328,328.5,329,329.5
1683767256445423706,326.5,326,325.5,325,324.5,327.5,328,328.5,329,329.5
1683767256478084002,326.5,326,325.5,325,324.5,328,328.5,329,329.5,330
1683767256510951066,326.5,326,325.5,325,324.5,328,328.5,329,329.5,330
1683767256543716370,326.5,326,325.5,325,324.5,328,328.5,329,329.5,330
1683767256565242920,326.5,326,325.5,325,324.5,328,328.5,329,329.5,330
1683767256749487696,326.5,326,325.5,325,324.5,327.5,328,328.5,329,329.5
1683767256773818562,326.5,326,325.5,325,324.5,327.5,328,328.5,329,329.5
1683767256784284925,326.5,326,325.5,325,324.5,328,328.5,329,329.5,330
1683767256817294927,327,326.5,326,325.5,325,328,328.5,329,329.5,330
1683767256850052767,327,326.5,326,325.5,325,328,328.5,329,329.5,330
1683767256882772314,327,326.5,326,325.5,325,328,328.5,329,329.5,330
1683767257256286491,327,326.5,326,325.5,325,328,328.5,329,329.5,330
1683767258145107828,326.5,326,325.5,325,324.5,328,328.5,329,329.5,330
1683767258186077507,326.5,326,325.5,325,324.5,328,328.5,329,329.5,330
1683767258186077507,326.5,326,325.5,325,324.5,328,328.5,329,329.5,330
1683767258186077507,326.5,326,325.5,325,324.5,328,328.5,329,329.5,330
1683767258196331611,326.5,326,325.5,325,324.5,328,328.5,329,329.5,330
1683767258229023717,326.5,326,325.5,325,324.5,328,328.5,329,329.5,330
1683767258229023717,326.5,326,325.5,325,324.5,328,328.5,329,329.5,330
1683767259153126221,326.5,326,325.5,325,324.5,328,328.5,329,329.5,330
1683767259187643334,326.5,326,325.5,325,324.5,328,328.5,329,329.5,330
1683767262336587889,326.5,326,325.5,325,324.5,328,328.5,329,329.5,330
1683767263843924210,326.5,326,325.5,325,324.5,328,328.5,329,329.5,330
1683767264172366555,326.5,326,325.5,325,324.5,327.5,328,328.5,329,329.5
1683767264203119330,326.5,326,325.5,325,324.5,327.5,328,328.5,329,329.5
1683767264659007430,326.5,326,325.5,325,324.5,327.5,328,328.5,329,329.5
1683767265491348885,326.5,326,325.5,325,324.5,327.5,328,328.5,329,329.5
1683767270155791136,326.5,326,325.5,325,324.5,327.5,328,328.5,329,329.5
1683767272572393374,326.5,326,325.5,325,324.5,327.5,328,328.5,329,329.5
1683767275190898363,326.5,326,325.5,325,324.5,327.5,328,328.5,329,329.5
1683767275221418030,326.5,326,325.5,325,324.5,327.5,328,328.5,329,329.5
1683767275417126031,326.5,326,325.5,325,324.5,327.5,328,328.5,329,329.5
1683767279452261724,326.5,326,325.5,325,324.5,327.5,328,328.5,329,329.5
1683767280076432488,326.5,326,325.5,325,324.5,327,327.5,328,328.5,329
1683767280107278598,326.5,326,325.5,325,324.5,327.5,328,328.5,329,329.5
1683767283982311667,327,326.5,326,325.5,325,327.5,328,328.5,329,329.5
1683767284014780785,327,326.5,326,325.5,325,327.5,328,328.5,329,329.5
1683767284014780785,327,326.5,326,325.5,325,327.5,328,328.5,329,329.5
1683767284049734327,327,326.5,326,325.5,325,327.5,328,328.5,329,329.5
1683767284329252868,327,326.5,326,325.5,325,327.5,328,328.5,329,329.5
1683767284992629218,327,326.5,326,325.5,325,327.5,328,328.5,329,329.5
1683767285361266497,327,326.5,326,325.5,325,327.5,328,328.5,329,329.5
1683767286345689566,327,326.5,326,325.5,325,327.5,328,328.5,329,329.5
1683767286380127069,327,326.5,326,325.5,325,327.5,328,328.5,329,329.5
1683767287270159000,327,326.5,326,325.5,325,327.5,328,328.5,329,329.5
1683767287321225107,327,326.5,326,325.5,325,327.5,328,328.5,329,329.5
1683767291382483872,327,326.5,326,325.5,325,327.5,328,328.5,329,329.5
1683767291521792511,327,326.5,326,325.5,325,327.5,328,328.5,329,329.5
1683767293572866498,327,326.5,326,325.5,325,327.5,328,328.5,329,329.5
1683767293804536534,327,326.5,326,325.5,325,327.5,328,328.5,329,329.5
1683767294186235409,327,326.5,326,325.5,325,327.5,328,328.5,329,329.5
1683767294217282646,327,326.5,326,325.5,325,328,328.5,329,329.5,330
1683767294250875794,327,326.5,326,325.5,325,328,328.5,329,329.5,330
1683767294261050189,327,326.5,326,325.5,325,328,328.5,329,329.5,330
1683767295741760184,327.5,327,326.5,326,325.5,328,328.5,329,329.5,330
1683767295764557821,327.5,327,326.5,326,325.5,328,328.5,329,329.5,330
1683767295776837659,327.5,327,326.5,326,325.5,328,328.5,329,329.5,330
1683767295787151605,327.5,327,326.5,326,325.5,328,328.5,329,329.5,330
1683767296353776225,327.5,327,326.5,326,325.5,328,328.5,329,329.5,330
1683767297619463383,327.5,327,326.5,326,325.5,328,328.5,329,329.5,330
1683767302581722875,327.5,327,326.5,326,325.5,328,328.5,329,329.5,330
1683767303421099070,327.5,327,326.5,326,325.5,328,328.5,329,329.5,330
1683767304460712169,327,326.5,326,325.5,325,327.5,328,328.5,329,329.5
1683767304500120936,327,326.5,326,325.5,325,327.5,328,328.5,329,329.5
1683767304532146501,327,326.5,326,325.5,325,327.5,328,328.5,329,329.5
1683767304532182618,327,326.5,326,325.5,325,327.5,328,328.5,329,329.5
1683767304718238124,327,326.5,326,325.5,325,327.5,328,328.5,329,329.5
1683767306387419743,327,326.5,326,325.5,325,327.5,328,328.5,329,329.5
1683767306407764083,327,326.5,326,325.5,325,327.5,328,328.5,329,329.5
1683767306407764083,327,326.5,326,325.5,325,328,328.5,329,329.5,330
1683767306407779111,327.5,327,326.5,326,325.5,328,328.5,329,329.5,330
1683767306428459323,327.5,327,326.5,326,325.5,328,328.5,329,329.5,330
1683767306449058341,327.5,327,326.5,326,325.5,328,328.5,329,329.5,330
1683767307468000717,327.5,327,326.5,326,325.5,328,328.5,329,329.5,330
1683767308180479627,327.5,327,326.5,326,325.5,328,328.5,329,329.5,330
1683767310280598856,327.5,327,326.5,326,325.5,328,328.5,329,329.5,330
1683767310337760017,327.5,327,326.5,326,325.5,328,328.5,329,329.5,330
1683767310365746136,327.5,327,326.5,326,325.5,328,328.5,329,329.5,330
1683767310408703167,327.5,327,326.5,326,325.5,328,328.5,329,329.5,330
1683767310429216074,327,326.5,326,325.5,325,328,328.5,329,329.5,330
1683767310449782832,327,326.5,326,325.5,325,328,328.5,329,329.5,330
1683767310463698652,327,326.5,326,325.5,325,328,328.5,329,329.5,330
1683767310472675277,327,326.5,326,325.5,325,328,328.5,329,329.5,330
1683767315109985603,327,326.5,326,325.5,325,327.5,328,328.5,329,329.5
1683767318248445101,327,326.5,326,325.5,325,327.5,328,328.5,329,329.5
1683767318933543850,327,326.5,326,325.5,325,327.5,328,328.5,329,329.5
1683767319792655321,327,326.5,326,325.5,325,327.5,328,328.5,329,329.5
1683767321674801442,327.5,327,326.5,326,325.5,328,328.5,329,329.5,330
1683767321705924853,327.5,327,326.5,326,325.5,328,328.5,329,329.5,330
1683767321738154440,327.5,327,326.5,326,325.5,328,328.5,329,329.5,330
1683767322722451282,327,326.5,326,325.5,325,328,328.5,329,329.5,330
1683767322754759407,327,326.5,326,325.5,325,328,328.5,329,329.5,330
1683767322784828357,327,326.5,326,325.5,325,328,328.5,329,329.5,330
1683767323312116124,327,326.5,326,325.5,325,328,328.5,329,329.5,330
1683767323666841271,327,326.5,326,325.5,325,328,328.5,329,329.5,330
1683767324879034834,327,326.5,326,325.5,325,327.5,328,328.5,329,329.5
1683767331300496618,327,326.5,326,325.5,325,327.5,328,328.5,329,329.5
1683767332759149236,327,326.5,326,325.5,325,327.5,328,328.5,329,329.5
1683767334043838785,327,326.5,326,325.5,325,327.5,328,328.5,329,329.5
1683767335454932503,327,326.5,326,325.5,325,327.5,328,328.5,329,329.5
1683767339772161223,327,326.5,326,325.5,325,327.5,328,328.5,329,329.5
1683767341697591750,327,326.5,326,325.5,325,327.5,328,328.5,329,329.5
1683767342464448074,327,326.5,326,325.5,325,328,328.5,329,329.5,330
1683767348787561039,327,326.5,326,325.5,325,328,328.5,329,329.5,330
1683767348960567213,327,326.5,326,325.5,325,328,328.5,329,329.5,330
1683767350374806637,327,326.5,326,325.5,325,328,328.5,329,329.5,330
1683767351553711824,327,326.5,326,325.5,325,328,328.5,329,329.5,330
1683767352301886991,327,326.5,326,325.5,325,328,328.5,329,329.5,330
1683767352334767862,327,326.5,326,325.5,325,328,328.5,329,329.5,330
1683767352912450625,327,326.5,326,325.5,325,328,328.5,329,329.5,330
1683767357849011475,327,326.5,326,325.5,325,328,328.5,329,329.5,330
1683767358894658143,327.5,327,326.5,326,325.5,328,328.5,329,329.5,330
1683767358925473165,327.5,327,326.5,326,325.5,328,328.5,329,329.5,330
1683767358925473165,327,326.5,326,325.5,325,328,328.5,329,329.5,330
1683767358925473165,327,326.5,326,325.5,325,327.5,328,328.5,329,329.5
1683767358925605964,327,326.5,326,325.5,325,327.5,328,328.5,329,329.5
1683767358958518885,327,326.5,326,325.5,325,327.5,328,328.5,329,329.5
1683767358958518885,327,326.5,326,325.5,325,327.5,328,328.5,329,329.5
1683767358990831959,327,326.5,326,325.5,325,327.5,328,328.5,329,329.5
1683767359083250353,327,326.5,326,325.5,325,328,328.5,329,329.5,330
1683767361453543747,327,326.5,326,325.5,325,327.5,328,328.5,329,329.5
1683767361476160144,327,326.5,326,325.5,325,327.5,328,328.5,329,329.5
1683767361476300518,327,326.5,326,325.5,325,327.5,328,328.5,329,329.5
1683767361668998847,327,326.5,326,325.5,325,327.5,328,328.5,329,329.5
1683767361668998847,327,326.5,326,325.5,325,327.5,328,328.5,329,329.5
1683767361701507869,327,326.5,326,325.5,325,327.5,328,328.5,329,329.5
1683767361701507869,327,326.5,326,325.5,325,327.5,328,328.5,329,329.5
1683767361726329707,327,326.5,326,325.5,325,327.5,328,328.5,329,329.5
1683767361736335485,327,326.5,326,325.5,325,327.5,328,328.5,329,329.5
1683767361746505281,327,326.5,326,325.5,325,327.5,328,328.5,329,329.5
1683767361758876209,327,326.5,326,325.5,325,327.5,328,328.5,329,329.5
1683767361769108513,327,326.5,326,325.5,325,327.5,328,328.5,329,329.5
1683767361803863733,327,326.5,326,325.5,325,328,328.5,329,329.5,330
1683767366853325556,327,326.5,326,325.5,325,328,328.5,329,329.5,330
1683767366883889817,327,326.5,326,325.5,325,328,328.5,329,329.5,330
1683767366918694259,327,326.5,326,325.5,325,328,328.5,329,329.5,330
1683767367891200582,327,326.5,326,325.5,325,327.5,328,328.5,329,329.5
1683767370129465277,327,326.5,326,325.5,325,328,328.5,329,329.5,330
1683767375345236740,327,326.5,326,325.5,325,328,328.5,329,329.5,330
1683767378316920164,327,326.5,326,325.5,325,328,328.5,329,329.5,330
1683767378577061681,327,326.5,326,325.5,325,328,328.5,329,329.5,330
1683767379180335307,327.5,327,326.5,326,325.5,328,328.5,329,329.5,330
1683767379202693459,327.5,327,326.5,326,325.5,328,328.5,329,329.5,330
1683767379202772557,327.5,327,326.5,326,325.5,328,328.5,329,329.5,330
1683767379223301034,327.5,327,326.5,326,325.5,328,328.5,329,329.5,330
1683767379223301034,327.5,327,326.5,326,325.5,328,328.5,329,329.5,330
1683767379223414957,327.5,327,326.5,326,325.5,328,328.5,329,329.5,330
1683767379243694045,327.5,327,326.5,326,325.5,328,328.5,329,329.5,330
1683767379243694045,327.5,327,326.5,326,325.5,328,328.5,329,329.5,330
1683767379345256148,327.5,327,326.5,326,325.5,328,328.5,329,329.5,330
1683767379386030069,327.5,327,326.5,326,325.5,328,328.5,329,329.5,330
1683767379386030069,327.5,327,326.5,326,325.5,328.5,329,329.5,330,330.5
1683767379396403217,327.5,327,326.5,326,325.5,328.5,329,329.5,330,330.5
1683767379396403217,327.5,327,326.5,326,325.5,328.5,329,329.5,330,330.5
1683767379396403217,327.5,327,326.5,326,325.5,328.5,329,329.5,330,330.5
1683767379406670185,327.5,327,326.5,326,325.5,328.5,329,329.5,330,330.5
1683767379416773456,327.5,327,326.5,326,325.5,328.5,329,329.5,330,330.5
1683767381431698597,327.5,327,326.5,326,325.5,328.5,329,329.5,330,330.5
1683767381531348009,328,327.5,327,326.5,326,328.5,329,329.5,330,330.5
1683767381564435537,328,327.5,327,326.5,326,328.5,329,329.5,330,330.5
1683767381564435537,327.5,327,326.5,326,325.5,328.5,329,329.5,330,330.5
1683767381564435537,327.5,327,326.5,326,325.5,328.5,329,329.5,330,330.5
1683767381596910245,327.5,327,326.5,326,325.5,328.5,329,329.5,330,330.5
1683767381596910245,327.5,327,326.5,326,325.5,328.5,329,329.5,330,330.5
1683767381596910245,327.5,327,326.5,326,325.5,328.5,329,329.5,330,330.5
1683767381596910245,327.5,327,326.5,326,325.5,328.5,329,329.5,330,330.5
1683767381632075404,327.5,327,326.5,326,325.5,328.5,329,329.5,330,330.5
1683767382571709994,327.5,327,326.5,326,325.5,328.5,329,329.5,330,330.5
1683767382583881128,327.5,327,326.5,326,325.5,328.5,329,329.5,330,330.5
1683767383162071725,328,327.5,327,326.5,326,328.5,329,329.5,330,330.5
1683767383184078798,328,327.5,327,326.5,326,328.5,329,329.5,330,330.5
1683767383184078798,327.5,327,326.5,326,325.5,328.5,329,329.5,330,330.5
1683767383217026213,327.5,327,326.5,326,325.5,328.5,329,329.5,330,330.5
1683767383217170564,327.5,327,326.5,326,325.5,328.5,329,329.5,330,330.5
1683767383251735897,327.5,327,326.5,326,325.5,328.5,329,329.5,330,330.5
1683767384370973458,327.5,327,326.5,326,325.5,328,328.5,329,329.5,330
1683767384383284644,327.5,327,326.5,326,325.5,328,328.5,329,329.5,330
1683767384383284644,327.5,327,326.5,326,325.5,328,328.5,329,329.5,330
1683767384383284644,327.5,327,326.5,326,325.5,328.5,329,329.5,330,330.5
1683767384393386953,327.5,327,326.5,326,325.5,328.5,329,329.5,330,330.5
1683767385040720540,327.5,327,326.5,326,325.5,328.5,329,329.5,330,330.5
1683767388239604218,328,327.5,327,326.5,326,328.5,329,329.5,330,330.5
1683767388262293902,328,327.5,327,326.5,326,328.5,329,329.5,330,330.5
1683767388262293902,327.5,327,326.5,326,325.5,328.5,329,329.5,330,330.5
1683767388262293902,328,327.5,327,326.5,326,328.5,329,329.5,330,330.5
1683767388282622874,328,327.5,327,326.5,326,328.5,329,329.5,330,330.5
1683767388282622874,328,327.5,327,326.5,326,328.5,329,329.5,330,330.5
1683767388303132775,328,327.5,327,326.5,326,328.5,329,329.5,330,330.5
1683767388581578182,328,327.5,327,326.5,326,328.5,329,329.5,330,330.5
1683767388847880667,328,327.5,327,326.5,326,328.5,329,329.5,330,330.5
1683767389583495971,328,327.5,327,326.5,326,328.5,329,329.5,330,330.5
1683767389650834061,328,327.5,327,326.5,326,328.5,329,329.5,330,330.5
1683767389737658582,328,327.5,327,326.5,326,328.5,329,329.5,330,330.5
1683767390671304907,328,327.5,327,326.5,326,328.5,329,329.5,330,330.5
1683767391266792854,328,327.5,327,326.5,326,328.5,329,329.5,330,330.5
1683767391299387316,328,327.5,327,326.5,326,328.5,329,329.5,330,330.5
1683767391320069622,328,327.5,327,326.5,326,328.5,329,329.5,330,330.5
1683767391320069622,328,327.5,327,326.5,326,328.5,329,329.5,330,330.5
1683767392814949855,328,327.5,327,326.5,326,328.5,329,329.5,330,330.5
