Timestamp,BidPrice0,BidPrice1,BidPrice2,BidPrice3,BidPrice4,AskPrice0,AskPrice1,AskPrice2,AskPrice3,AskPrice4
1684276206086414126,0,0,0,0,0,0,0,0,0,0
1684283426123336157,308,306,304.5,301,300,314.5,315,319.5,320,321
1684283431123557180,309.5,308,306,304.5,301.5,314.5,315,319.5,320,321
1684283436155544390,310,309.5,308,306,304.5,314.5,315,319.5,320,321
1684283441167104182,310,309.5,308.5,308,307,314.5,315,319.5,320,321
1684283446184740645,310,309.5,308.5,308,307,314.5,315,319.5,320,321
1684283451201386165,310,309.5,308.5,308,307,314.5,315,319.5,320,320.5
1684283461228530923,310,309.5,308.5,308,307,314.5,315,319.5,320,320.5
1684283466237967354,310,309.5,308.5,308,307,314.5,315,319.5,320,320.5
1684283471267927463,310.5,310,309.5,308.5,308,314.5,315,318,319.5,320
1684283476279431024,314,313,310.5,310,309.5,314.5,315,318,319.5,320
1684283481301196354,314,313,311,310.5,310,314.5,315,317.5,318,319.5
1684283486314707744,314,313,311,310.5,310,314.5,315,317.5,318,319
1684283491324179528,314,313,312,311,310.5,314.5,315,317.5,318,319
1684283496335767515,314,313,312,311,310.5,314.5,315,317.5,318,318.5
1684283506383323306,314,313,312,311,310.5,314.5,315,317.5,318,318.5
1684283511398895231,314,313,312,311,310.5,314.5,315,317.5,318,318.5
1684283536472751971,314,313,312,311,310.5,314.5,315,317.5,318,318.5
1684283541486429915,314,313,312,311,310.5,314.5,315,317.5,318,318.5
1684283566564332168,314,313,312,311,310.5,314.5,315,317.5,318,318.5
1684283571580033568,314,313,312,311,310.5,314.5,315,317.5,318,318.5
1684283576601644433,314,313,312,311,310.5,314.5,315,317.5,318,318.5
1684283591644416541,314,313,312,311,310.5,314.5,315,317.5,318,318.5
1684283596666152828,314,313,312,311,310.5,314.5,315,317.5,318,318.5
1684283606699425980,314.5,314,313,312,311,315,317.5,318,318.5,319
1684283681945805706,314.5,314,313,312,311,315,317.5,318,318.5,319
1684283702024844063,314.5,314,313,312,311,315,317.5,318,318.5,319
1684283872559343136,314.5,314,313,312,311,315,317.5,318,318.5,319
1684283922725751772,314.5,314,313,312,311,315,317.5,318,318.5,319
1684284024061894155,314.5,314,313,312,311,315,317.5,318,318.5,319
1684284094286418590,314.5,314,313,312,311,315,317.5,318,318.5,319
1684284124382122584,314.5,314,313,312,311,315,317.5,318,318.5,319
1684284219684912254,314.5,314,313,312,311,315,317.5,318,318.5,319
1684284224694356041,314.5,314,313,312,311,315,317,317.5,318,318.5
1684284234745960257,314.5,314,313,312,311,315,317,317.5,318,318.5
1684284254800183770,314.5,314,313,312,311,315,317,317.5,318,318.5
1684284259811838204,314.5,314,313,312,311,315,317,317.5,318,318.5
1684284284897967072,315.5,315,314.5,314,313,318.5,319,319.5,320,320.5
1684284299936682145,314.5,314,313,312,311,315,317,317.5,318,318.5
1684284314995695648,314.5,314,313,312,311,315,317,317.5,318,318.5
1684284350094749419,314.5,314,313,312,311,315,317,317.5,318,318.5
1684284360134270995,314.5,314,313.5,313,312,315,317,317.5,318,318.5
1684284380200637638,314.5,314,313.5,313,312,315,317,317.5,318,318.5
1684284430364970939,315.5,315,314.5,314,313.5,318.5,319,319.5,320,320.5
1684284440394054336,318.5,315.5,315,314.5,314,319,319.5,320,320.5,321
1684284495564751887,318.5,316,315.5,315,314.5,319,319.5,320,320.5,321
1684284500582521915,318.5,316,315.5,315,314.5,319,319.5,320,320.5,321
1684284515625151911,318.5,316,315.5,315,314.5,319,319.5,320,320.5,321
1684284535687641990,318.5,316,315.5,315,314.5,319,319.5,320,320.5,321
1684284545731159835,318.5,316,315.5,315,314.5,319,319.5,320,320.5,321
1684284550744797338,318.5,316,315.5,315,314.5,319,319.5,320,320.5,321
1684284560775884008,318.5,316,315.5,315,314.5,319,319.5,320,320.5,321
1684284580830108075,318.5,316,315.5,315,314.5,319,319.5,320,320.5,321
1684284596098036856,318.5,316,315.5,315,314.5,319,319.5,320,320.5,321
1684284601320565247,318.5,316,315.5,315,314.5,319,319.5,320,320.5,321
1684284606526808298,318.5,316,315.5,315,314.5,319,319.5,320,320.5,321
1684284611734620375,318.5,316,315.5,315,314.5,319,319.5,320,320.5,321
1684284651869845411,318.5,316,315.5,315,314.5,319,319.5,320,320.5,321
1684284666916716408,315.5,315,314.5,314,313.5,317,317.5,318,318.5,319
1684284671938528956,315,314.5,314,313.5,313,317,317.5,318,318.5,319
1684284692015177519,315,314.5,314,313.5,313,317,317.5,318,318.5,319
1684284722097545513,315,314.5,314,313.5,313,317,317.5,318,318.5,319
1684284732136928782,315,314.5,314,313.5,313,317,317.5,318,318.5,319
1684284747177843127,315,314.5,314,313.5,313,317,317.5,318,318.5,319
1684284767227851894,315,314.5,314,313.5,313,317,317.5,318,318.5,319
1684284782289107031,315,314.5,314,313.5,313,317,317.5,318,318.5,319
1684284797339924925,315,314.5,314,313.5,313,317,317.5,318,318.5,319
1684284807375230080,315.5,315,314.5,314,313.5,317,317.5,318,318.5,319
1684284817412577608,315.5,315,314.5,314,313.5,317,317.5,318,318.5,319
1684284827443769064,315.5,315,314.5,314,313.5,317,317.5,318,318.5,319
1684284832447029690,315.5,315,314.5,314,313.5,317,317.5,318,318.5,319
1684284837460617707,315.5,315,314.5,314,313.5,317,318,318.5,319,319.5
1684284852507427286,315.5,315,314.5,314,313.5,317,318,318.5,319,319.5
1684284897645855138,315.5,315,314.5,314,313.5,317,318,318.5,319,319.5
1684284902663728424,315.5,315,314.5,314,313.5,317,318,318.5,319,319.5
1684284917714432966,315.5,315,314.5,314,313.5,317,318,318.5,319,319.5
1684284932767501833,315.5,315,314.5,314,313.5,317,318,318.5,319,319.5
1684284937773959169,315.5,315,314.5,314,313.5,317,318,318.5,319,319.5
1684284952820539546,315.5,315,314.5,314,313.5,317,318,318.5,319,319.5
1684284957834211578,315.5,315,314.5,314,313.5,317,318,318.5,319,319.5
1684284962870322182,315.5,315,314.5,314,313.5,317,318,318.5,319,319.5
1684284972889287190,315.5,315,314.5,314,313.5,317,318,318.5,319,319.5
1684284977913064554,315.5,315,314.5,314,313.5,317,318,318.5,319,319.5
1684285013026320313,315.5,315,314.5,314,313.5,317,318,318.5,319,319.5
1684285018035837527,315.5,315,314.5,314,313.5,317,318,318.5,319,319.5
1684285033086758790,315.5,315,314.5,314,313.5,317,318,318.5,319,319.5
1684285038098260368,315.5,315,314.5,314,313.5,317,318,318.5,319,319.5
1684285048137682762,315.5,315,314.5,314,313.5,317,318,318.5,319,319.5
1684285053151235069,315.5,315,314.5,314,313.5,317,318,318.5,319,319.5
1684285063188601200,315.5,315,314.5,314,313.5,317,318,318.5,319,319.5
1684285068191860859,315.5,315,314.5,314,313.5,317,318,318.5,319,319.5
1684285078214954717,315.5,315,314.5,314,313.5,317,318,318.5,319,319.5
1684285088252301656,315.5,315,314.5,314,313.5,317,318,318.5,319,319.5
1684285093284319492,315.5,315,314.5,314,313.5,317,318,318.5,319,319.5
1684285103303255167,316,315.5,315,314.5,314,317,318,318.5,319,319.5
1684285108333132111,316,315.5,315,314.5,314,317,318,318.5,319,319.5
1684285113350818935,316,315.5,315,314.5,314,317,318,318.5,319,319.5
1684285118354116370,316,315.5,315,314.5,314,317,318,318.5,319,319.5
1684285123369692209,316,315.5,315,314.5,314,317,318,318.5,319,319.5
1684285128393536905,316,315.5,315,314.5,314,317,318,318.5,319,319.5
1684285143438351316,316,315.5,315,314.5,314,317,318,318.5,319,319.5
1684285148451900547,316.5,316,315.5,315,314.5,317,318,318.5,319,319.5
1684285153473612596,316.5,316,315.5,315,314.5,317,318,318.5,319,319.5
1684285158497460313,316.5,316,315.5,315,314.5,318,318.5,319,319.5,320
1684285163490553173,316.5,316,315.5,315,314.5,318,318.5,319,319.5,320
1684285168506277116,316.5,316,315.5,315,314.5,318,318.5,319,319.5,320
1684285173523789416,318,316.5,316,315.5,315,318.5,319,319.5,320,320.5
1684285178543572540,318,316.5,316,315.5,315,318.5,319,319.5,320,320.5
1684285183567337329,318,316.5,316,315.5,315,318.5,319,319.5,320,320.5
1684285188574728143,318,316.5,316,315.5,315,318.5,319,319.5,320,320.5
1684285193798193697,318,316.5,316,315.5,315,318.5,319,319.5,320,320.5
1684285199008327578,318,317,316.5,316,315.5,318.5,319,319.5,320,320.5
1684285206041584072,318,317,316.5,316,315.5,318.5,319,319.5,320,320.5
1684285206072143523,317,316.5,316,315.5,315,318.5,319,319.5,320,320.5
1684285206145947373,318,317,316.5,316,315.5,318.5,319,319.5,320,320.5
1684285206146057981,318,317,316.5,316,315.5,318.5,319,319.5,320,320.5
1684285206146057981,318,317,316.5,316,315.5,318.5,319,319.5,320,320.5
1684285206358796548,318,317,316.5,316,315.5,318.5,319,319.5,320,320.5
1684285206401855238,318,317,316.5,316,315.5,318.5,319,319.5,320,320.5
1684285206463326933,318,317,316.5,316,315.5,318.5,319,319.5,320,320.5
1684285208146682838,318,317,316.5,316,315.5,318.5,319,319.5,320,320.5
1684285209232372894,318,317,316.5,316,315.5,318.5,319,319.5,320,320.5
1684285210084209957,318,317,316.5,316,315.5,318.5,319,319.5,320,320.5
1684285211139227840,318,317.5,317,316.5,316,318.5,319,319.5,320,320.5
1684285212469391521,318,317.5,317,316.5,316,318.5,319,319.5,320,320.5
1684285213077234199,318,317.5,317,316.5,316,318.5,319,319.5,320,320.5
1684285213099079949,318,317.5,317,316.5,316,319,319.5,320,320.5,321
1684285213130608459,318,317.5,317,316.5,316,319,319.5,320,320.5,321
1684285214075789072,318,317.5,317,316.5,316,319,319.5,320,320.5,321
1684285214161773955,318,317.5,317,316.5,316,319,319.5,320,320.5,321
1684285214201739247,318,317.5,317,316.5,316,319,319.5,320,320.5,321
1684285214287039524,318,317.5,317,316.5,316,319,319.5,320,320.5,321
1684285214287039524,318,317.5,317,316.5,316,319,319.5,320,320.5,321
1684285214319664043,318,317.5,317,316.5,316,319,319.5,320,320.5,321
1684285215154768087,318,317.5,317,316.5,316,318.5,319,319.5,320,320.5
1684285215162331529,318,317.5,317,316.5,316,318.5,319,319.5,320,320.5
1684285215175463076,318,317.5,317,316.5,316,318.5,319,319.5,320,320.5
1684285215185540889,318,317.5,317,316.5,316,318.5,319,319.5,320,320.5
1684285215195163577,318,317.5,317,316.5,316,319,319.5,320,320.5,321
1684285215205292376,318.5,318,317.5,317,316.5,319,319.5,320,320.5,321
1684285215227838119,318.5,318,317.5,317,316.5,319,319.5,320,320.5,321
1684285215238381086,318.5,318,317.5,317,316.5,319,319.5,320,320.5,321
1684285215238620495,318.5,318,317.5,317,316.5,319,319.5,320,320.5,321
1684285215279304117,318.5,318,317.5,317,316.5,319,319.5,320,320.5,321
1684285216193040958,318.5,318,317,316.5,316,319,319.5,320,320.5,321
1684285216193040958,318.5,318,317,316.5,316,319,319.5,320,320.5,321
1684285216582636086,318.5,318,317,316.5,316,319,319.5,320,320.5,321
1684285217204112293,318.5,318,317,316.5,316,319,319.5,320,320.5,321
1684285217204246685,318.5,318,317,316.5,316,319,319.5,320,320.5,321
1684285217247223983,318.5,318,317,316.5,316,319,319.5,320,320.5,321
1684285217797234771,318.5,318,317,316.5,316,319,319.5,320,320.5,321
1684285218121740181,318.5,318,317,316.5,316,319,319.5,320,320.5,321
1684285221833838287,318.5,318,317,316.5,316,319,319.5,320,320.5,321
1684285221863407359,318.5,318,317,316.5,316,319,319.5,320,320.5,321
1684285221895275928,318.5,318,317,316.5,316,319,319.5,320,320.5,321
1684285221895275928,319,318.5,318,317,316.5,319.5,320,320.5,321,321.5
1684285221926934242,319,318.5,318,317,316.5,319.5,320,320.5,321,321.5
1684285223229046601,319,318.5,318,317,316.5,319.5,320,320.5,321,321.5
1684285223238125378,319,318.5,318,317,316.5,319.5,320,320.5,321,321.5
1684285223268894794,319,318.5,318,317,316.5,319.5,320,320.5,321,321.5
1684285223268894794,319,318.5,318,317,316.5,320,320.5,321,321.5,322
1684285223350710438,319,318.5,318,317,316.5,320,320.5,321,321.5,322
1684285224067086998,319,318.5,318,317,316.5,320,320.5,321,321.5,322
1684285224111230586,319,318.5,318,317,316.5,320,320.5,321,321.5,322
1684285224142951087,319,318.5,318,317,316.5,320,320.5,321,321.5,322
1684285224757299902,319,318.5,318,317,316.5,320,320.5,321,321.5,322
1684285225233228527,319,318.5,318,317,316.5,320,320.5,321,321.5,322
1684285225233228527,319,318.5,318,317,316.5,320,320.5,321,321.5,322
1684285226096507744,319,318.5,318,317,316.5,320,320.5,321,321.5,322
1684285226432617754,319,318.5,318,317,316.5,320,320.5,321,321.5,322
1684285226579075325,319,318.5,318,317,316.5,320,320.5,321,321.5,322
1684285226870693663,319,318.5,318,317,316.5,320,320.5,321,321.5,322
1684285227500629455,319,318.5,318,317,316.5,320,320.5,321,321.5,322
1684285228015578818,319,318.5,318,317,316.5,320,320.5,321,321.5,322
1684285228232759906,319,318.5,318,317,316.5,320,320.5,321,321.5,322
1684285228243637952,319,318.5,318,317,316.5,320,320.5,321,321.5,322
1684285228502300058,319,318.5,318,317,316.5,320,320.5,321,321.5,322
1684285228534804511,319,318.5,318,317,316.5,320,320.5,321,321.5,322
1684285229280427267,319,318.5,318,317,316.5,320,320.5,321,321.5,322
1684285229572178043,319,318.5,318,317,316.5,319.5,320,320.5,321,321.5
1684285229606011402,319,318.5,318,317,316.5,319.5,320,320.5,321,321.5
1684285229741043449,319,318.5,318,317,316.5,319.5,320,320.5,321,321.5
1684285229943556546,319,318.5,318,317,316.5,319.5,320,320.5,321,321.5
1684285230065115185,319,318.5,318,317,316.5,320,320.5,321,321.5,322
1684285230099455475,319,318.5,318,317,316.5,320,320.5,321,321.5,322
1684285230212145111,319,318.5,318,317,316.5,320,320.5,321,321.5,322
1684285230730351951,319,318.5,318,317,316.5,320,320.5,321,321.5,322
1684285230778865714,319,318.5,318,317,316.5,320.5,321,321.5,322,322.5
1684285231420446802,319,318.5,318,317,316.5,320,320.5,321,321.5,322
1684285232180685362,319,318.5,318,317,316.5,320,320.5,321,321.5,322
1684285232779194925,319.5,319,318.5,318,317,320,320.5,321,321.5,322
1684285232799636528,319.5,319,318.5,318,317,320,320.5,321,321.5,322
1684285233259293059,319.5,319,318.5,318,317,320.5,321,321.5,322,322.5
1684285233265871511,319.5,319,318.5,318,317,320.5,321,321.5,322,322.5
1684285233265871511,319.5,319,318.5,318,317,320.5,321,321.5,322,322.5
1684285233384113663,319.5,319,318.5,318,317,320,320.5,321,321.5,322
1684285233458246301,319.5,319,318.5,318,317,320,320.5,321,321.5,322
1684285233501272460,319.5,319,318.5,318,317,320,320.5,321,321.5,322
1684285233531967526,319,318.5,318,317,316.5,320,320.5,321,321.5,322
1684285233562785132,319,318.5,318,317,316.5,320,320.5,321,321.5,322
1684285233562785132,319,318.5,318,317,316.5,320,320.5,321,321.5,322
1684285233844279139,319,318.5,318,317,316.5,320,320.5,321,321.5,322
1684285233885656423,319,318.5,318,317,316.5,320,320.5,321,321.5,322
1684285234450662667,319,318.5,318,317,316.5,320,320.5,321,321.5,322
1684285235691972768,319,318.5,318,317,316.5,320,320.5,321,321.5,322
1684285235691972768,319,318.5,318,317,316.5,319.5,320,320.5,321,321.5
1684285235721677374,318.5,318,317,316.5,316,319.5,320,320.5,321,321.5
1684285235752069290,318.5,318,317,316.5,316,319.5,320,320.5,321,321.5
1684285235762167311,318.5,318,317,316.5,316,319.5,320,320.5,321,321.5
1684285236177259224,318.5,318,317,316.5,316,319.5,320,320.5,321,321.5
1684285236355264983,318.5,318,317,316.5,316,319.5,320,320.5,321,321.5
1684285236546518968,318.5,318,317,316.5,316,319.5,320,320.5,321,321.5
1684285236665924905,318.5,318,317,316.5,316,319.5,320,320.5,321,321.5
1684285236751492293,318.5,318,317,316.5,316,319.5,320,320.5,321,321.5
1684285236965897619,318.5,318,317,316.5,316,319,319.5,320,320.5,321
1684285237344607017,318.5,318,317,316.5,316,319,319.5,320,320.5,321
1684285238101730226,318.5,318,317,316.5,316,319.5,320,320.5,321,321.5
1684285238299730409,318.5,318,317,316.5,316,319.5,320,320.5,321,321.5
1684285238416796823,318.5,318,317,316.5,316,319.5,320,320.5,321,321.5
1684285239395412546,318.5,318,317,316.5,316,319.5,320,320.5,321,321.5
1684285239426103364,318.5,318,317,316.5,316,319.5,320,320.5,321,321.5
1684285240952451046,318.5,318,317,316.5,316,319.5,320,320.5,321,321.5
1684285240985748107,318.5,318,317,316.5,316,319.5,320,320.5,321,321.5
1684285240985748107,318.5,318,317,316.5,316,319.5,320,320.5,321,321.5
1684285241300219706,318.5,318,317,316.5,316,319.5,320,320.5,321,321.5
1684285241386471019,318.5,318,317,316.5,316,319.5,320,320.5,321,321.5
1684285242412027442,319,318.5,318,317,316.5,319.5,320,320.5,321,321.5
1684285242444643515,319,318.5,318,317,316.5,319.5,320,320.5,321,321.5
1684285242444643515,318.5,318,317,316.5,316,319.5,320,320.5,321,321.5
1684285242479089133,318.5,318,317,316.5,316,319.5,320,320.5,321,321.5
1684285242479149697,318.5,318,317,316.5,316,319.5,320,320.5,321,321.5
1684285242511502505,318.5,318,317,316.5,316,319.5,320,320.5,321,321.5
1684285242558726717,318.5,318,317,316.5,316,319.5,320,320.5,321,321.5
1684285243213463267,318.5,318,317,316.5,316,319.5,320,320.5,321,321.5
1684285244324991759,318.5,318,317,316.5,316,319.5,320,320.5,321,321.5
1684285245804380356,318.5,318,317,316.5,316,319.5,320,320.5,321,321.5
1684285245869193374,318.5,318,317,316.5,316,319.5,320,320.5,321,321.5
1684285246347400347,319,318.5,318,317,316.5,319.5,320,320.5,321,321.5
1684285246380348643,319,318.5,318,317,316.5,319.5,320,320.5,321,321.5
1684285246380348643,318.5,318,317,316.5,316,319.5,320,320.5,321,321.5
1684285246413972328,318.5,318,317,316.5,316,319.5,320,320.5,321,321.5
1684285246413972328,318.5,318,317,316.5,316,319.5,320,320.5,321,321.5
1684285246447683557,318.5,318,317,316.5,316,319.5,320,320.5,321,321.5
1684285246789276331,318.5,318,317,316.5,316,319.5,320,320.5,321,321.5
1684285247611317376,318.5,318,317,316.5,316,319.5,320,320.5,321,321.5
1684285248096668664,318.5,318,317,316.5,316,319.5,320,320.5,321,321.5
1684285249796505153,319.5,318.5,318,317,316.5,320,320.5,321,321.5,322
1684285249829544951,319.5,318.5,318,317,316.5,320,320.5,321,321.5,322
1684285249829544951,319.5,318.5,318,317,316.5,320,320.5,321,321.5,322
1684285249829544951,319.5,318.5,318,317,316.5,320,320.5,321,321.5,322
1684285249829570880,318.5,318,317,316.5,316,320,320.5,321,321.5,322
1684285249861900194,318.5,318,317,316.5,316,320,320.5,321,321.5,322
1684285249861900194,318.5,318,317.5,317,316.5,320,320.5,321,321.5,322
1684285249862010842,318.5,318,317.5,317,316.5,320,320.5,321,321.5,322
1684285249872332853,318.5,318,317.5,317,316.5,320,320.5,321,321.5,322
1684285249882327540,318.5,318,317.5,317,316.5,320,320.5,321,321.5,322
1684285249903639147,318.5,318,317.5,317,316.5,320,320.5,321,321.5,322
1684285250490546875,318.5,318,317.5,317,316.5,319.5,320,320.5,321,321.5
1684285250521389889,318.5,318,317,316.5,316,319.5,320,320.5,321,321.5
1684285250521389889,318.5,318,317,316.5,316,319.5,320,320.5,321,321.5
1684285250554420560,318.5,318,317,316.5,316,319.5,320,320.5,321,321.5
1684285250865227648,319,318.5,318,317,316.5,319.5,320,320.5,321,321.5
1684285250909517981,319,318.5,318,317,316.5,319.5,320,320.5,321,321.5
1684285250909517981,318.5,318,317,316.5,316,319.5,320,320.5,321,321.5
1684285250943228088,318.5,318,317,316.5,316,319.5,320,320.5,321,321.5
1684285250943450065,318.5,318,317,316.5,316,319.5,320,320.5,321,321.5
1684285250978118942,318.5,318,317,316.5,316,319.5,320,320.5,321,321.5
1684285251117726632,319,318.5,318,317,316.5,319.5,320,320.5,321,321.5
1684285251150042982,319,318.5,318,317,316.5,319.5,320,320.5,321,321.5
1684285251150042982,318.5,318,317,316.5,316,319.5,320,320.5,321,321.5
1684285251184923967,318.5,318,317,316.5,316,319.5,320,320.5,321,321.5
1684285251184923967,318.5,318,317,316.5,316,319.5,320,320.5,321,321.5
1684285251217684351,318.5,318,317,316.5,316,319.5,320,320.5,321,321.5
1684285251229990809,318.5,318,317,316.5,316,319.5,320,320.5,321,321.5
1684285251229990809,318.5,318,317,316.5,316,319.5,320,320.5,321,321.5
1684285252356555834,318.5,318,317,316.5,316,319.5,320,320.5,321,321.5
1684285252368714154,318.5,318,317,316.5,316,319.5,320,320.5,321,321.5
1684285252402165645,318.5,318,317,316.5,316,320,320.5,321,321.5,322
1684285252436572099,318.5,318,317,316.5,316,320,320.5,321,321.5,322
1684285252436572099,318.5,318,317,316.5,316,320,320.5,321,321.5,322
1684285252468226156,318.5,318,317.5,317,316.5,320,320.5,321,321.5,322
1684285252501998620,318.5,318,317.5,317,316.5,320,320.5,321,321.5,322
1684285252536555166,319,318.5,318,317.5,317,320,320.5,321,321.5,322
1684285252569790632,319,318.5,318,317.5,317,320,320.5,321,321.5,322
1684285252569790632,319,318.5,318,317.5,317,320,320.5,321,321.5,322
1684285252604288568,319,318.5,318,317.5,317,320,320.5,321,321.5,322
1684285252651651992,319,318.5,318,317.5,317,320,320.5,321,321.5,322
1684285252685011450,319,318.5,318,317.5,317,320,320.5,321,321.5,322
1684285253199091782,319,318.5,318,317.5,317,320,320.5,321,321.5,322
1684285253362035860,319,318.5,318,317.5,317,320,320.5,321,321.5,322
1684285253362035860,319,318.5,318,317.5,317,320,320.5,321,321.5,322
1684285253362035860,319,318.5,318,317.5,317,320,320.5,321,321.5,322
1684285253392636067,319.5,319,318.5,318,317.5,320,320.5,321,321.5,322
1684285253424194504,319.5,319,318.5,318,317.5,320,320.5,321,321.5,322
1684285253424194504,319.5,319,318.5,318,317.5,320,320.5,321,321.5,322
1684285253457309914,319.5,319,318.5,318,317.5,320,320.5,321,321.5,322
1684285253855021452,319.5,319,318.5,318,317.5,320,320.5,321,321.5,322
1684285256188181203,319.5,319,318.5,318,317.5,320,320.5,321,321.5,322
1684285256384865865,319.5,319,318.5,318,317.5,320,320.5,321,321.5,322
1684285256395432856,319.5,319,318.5,318,317.5,320,320.5,321,321.5,322
1684285256675616223,319.5,319,318.5,318,317.5,320,320.5,321,321.5,322
1684285257217690287,319,318.5,318,317.5,317,320,320.5,321,321.5,322
1684285257261636986,319,318.5,318,317.5,317,320,320.5,321,321.5,322
1684285257293280071,319,318.5,318,317.5,317,320,320.5,321,321.5,322
1684285258126675446,319.5,319,318.5,318,317.5,320,320.5,321,321.5,322
1684285258157682217,319.5,319,318.5,318,317.5,320,320.5,321,321.5,322
1684285258157682217,319,318.5,318,317.5,317,320,320.5,321,321.5,322
1684285258190178044,319,318.5,318,317.5,317,320,320.5,321,321.5,322
1684285258190178044,319,318.5,318,317.5,317,320,320.5,321,321.5,322
1684285258233319690,319,318.5,318,317.5,317,320,320.5,321,321.5,322
1684285259080075913,319,318.5,318,317.5,317,320,320.5,321,321.5,322
1684285259123927632,319,318.5,318,317.5,317,320,320.5,321,321.5,322
1684285259175383621,319,318.5,318,317.5,317,320,320.5,321,321.5,322
1684285259206114614,319,318.5,318,317.5,317,320,320.5,321,321.5,322
1684285259216289800,319,318.5,318,317.5,317,320,320.5,321,321.5,322
1684285261127255693,319.5,319,318.5,318,317.5,320,320.5,321,321.5,322
1684285261159901852,319.5,319,318.5,318,317.5,320,320.5,321,321.5,322
1684285261197920730,319.5,319,318.5,318,317.5,320,320.5,321,321.5,322
1684285261407628856,319.5,319,318.5,318,317.5,320,320.5,321,321.5,322
1684285261407774499,319.5,318.5,318,317.5,317,320,320.5,321,321.5,322
1684285261440343033,319.5,318.5,318,317.5,317,320,320.5,321,321.5,322
1684285262085067593,319.5,318.5,318,317.5,317,320,320.5,321,321.5,322
1684285262734529368,319.5,318.5,318,317.5,317,320,320.5,321,321.5,322
1684285264248266741,319.5,318.5,318,317.5,317,320,320.5,321,321.5,322
1684285264281143754,318.5,318,317.5,317,316.5,320,320.5,321,321.5,322
1684285264313060523,318.5,318,317.5,317,316.5,319.5,320,320.5,321,321.5
1684285264313140654,318.5,318,317.5,317,316.5,319.5,320,320.5,321,321.5
1684285264345614740,318.5,318,317.5,317,316.5,319.5,320,320.5,321,321.5
1684285264345614740,318.5,318,317.5,317,316.5,319.5,320,320.5,321,321.5
1684285264378309200,318.5,318,317.5,317,316.5,319.5,320,320.5,321,321.5
1684285265139008784,318.5,318,317.5,317,316.5,319.5,320,320.5,321,321.5
1684285265491806999,318.5,318,317.5,317,316.5,319.5,320,320.5,321,321.5
1684285266104757467,318.5,318,317.5,317,316.5,319.5,320,320.5,321,321.5
1684285266104902940,318.5,318,317.5,317,316.5,319.5,320,320.5,321,321.5
1684285266104902940,318.5,318,317.5,317,316.5,319.5,320,320.5,321,321.5
1684285266115170870,318.5,318,317.5,317,316.5,319.5,320,320.5,321,321.5
1684285266490900863,318.5,318,317.5,317,316.5,319.5,320,320.5,321,321.5
1684285267761325631,318.5,318,317.5,317,316.5,319,319.5,320,320.5,321
1684285267781013679,318.5,318,317.5,317,316.5,319,319.5,320,320.5,321
1684285267781013679,318.5,318,317.5,317,316.5,319,319.5,320,320.5,321
1684285267781013679,318.5,318,317.5,317,316.5,319,319.5,320,320.5,321
1684285267781029138,318.5,318,317.5,317,316.5,319,319.5,320,320.5,321
1684285267804410060,318.5,318,317.5,317,316.5,319,319.5,320,320.5,321
1684285267804410060,318.5,318,317.5,317,316.5,319,319.5,320,320.5,321
1684285268386023888,318.5,318,317.5,317,316.5,319.5,320,320.5,321,321.5
1684285268407412229,318.5,318,317.5,317,316.5,319.5,320,320.5,321,321.5
1684285268429214336,318.5,318,317.5,317,316.5,319.5,320,320.5,321,321.5
1684285268441712153,318.5,318,317.5,317,316.5,319.5,320,320.5,321,321.5
1684285269410413770,318.5,318,317.5,317,316.5,319.5,320,320.5,321,321.5
1684285269986774364,318.5,318,317.5,317,316.5,319.5,320,320.5,321,321.5
1684285270019557651,318.5,318,317.5,317,316.5,319.5,320,320.5,321,321.5
1684285270054785378,318.5,318,317.5,317,316.5,319.5,320,320.5,321,321.5
1684285270281138898,318.5,318,317.5,317,316.5,319.5,320,320.5,321,321.5
1684285270293050755,318.5,318,317.5,317,316.5,319.5,320,320.5,321,321.5
1684285270358446327,318.5,318,317.5,317,316.5,319.5,320,320.5,321,321.5
1684285271433105800,318.5,318,317.5,317,316.5,319.5,320,320.5,321,321.5
1684285271576253857,318.5,318,317.5,317,316.5,319.5,320,320.5,321,321.5
1684285272016388381,318.5,318,317.5,317,316.5,319,319.5,320,320.5,321
1684285272050685190,318.5,318,317.5,317,316.5,319,319.5,320,320.5,321
1684285272050685190,318.5,318,317.5,317,316.5,319.5,320,320.5,321,321.5
1684285272050685190,318.5,318,317.5,317,316.5,319.5,320,320.5,321,321.5
1684285272085054124,318.5,318,317.5,317,316.5,319.5,320,320.5,321,321.5
1684285272085054124,318.5,318,317.5,317,316.5,319.5,320,320.5,321,321.5
1684285272085054124,318.5,318,317.5,317,316.5,319.5,320,320.5,321,321.5
1684285272107864925,318.5,318,317.5,317,316.5,319.5,320,320.5,321,321.5
1684285273452975390,318.5,318,317.5,317,316.5,319.5,320,320.5,321,321.5
1684285274018287498,318.5,318,317.5,317,316.5,319.5,320,320.5,321,321.5
1684285274113196938,318.5,318,317.5,317,316.5,319.5,320,320.5,321,321.5
1684285275210396784,318.5,318,317.5,317,316.5,319.5,320,320.5,321,321.5
1684285276642876250,318.5,318,317.5,317,316.5,319.5,320,320.5,321,321.5
1684285278885570074,319,318.5,318,317.5,317,319.5,320,320.5,321,321.5
1684285278903826514,319,318.5,318,317.5,317,319.5,320,320.5,321,321.5
1684285278924369537,319,318.5,318,317.5,317,319.5,320,320.5,321,321.5
1684285279118889494,319,318.5,318,317.5,317,319.5,320,320.5,321,321.5
1684285280485118723,319,318.5,318,317.5,317,319.5,320,320.5,321,321.5
1684285281561234740,319,318.5,318,317.5,317,319.5,320,320.5,321,321.5
1684285282497024038,319,318.5,318,317.5,317,319.5,320,320.5,321,321.5
1684285282773003831,319,318.5,318,317.5,317,319.5,320,320.5,321,321.5
1684285283953408921,319,318.5,318,317.5,317,319.5,320,320.5,321,321.5
1684285284827784483,319,318.5,318,317.5,317,319.5,320,320.5,321,321.5
1684285285352525251,319,318.5,318,317.5,317,319.5,320,320.5,321,321.5
1684285285395971910,319,318.5,318,317.5,317,319.5,320,320.5,321,321.5
1684285286254183291,318.5,318,317.5,317,316.5,319,319.5,320,320.5,321
1684285286287073679,318.5,318,317.5,317,316.5,319,319.5,320,320.5,321
1684285286319858358,318.5,318,317.5,317,316.5,319,319.5,320,320.5,321
1684285286319858358,318.5,318,317.5,317,316.5,319,319.5,320,320.5,321
1684285286319873016,318.5,318,317.5,317,316.5,319,319.5,320,320.5,321
1684285286330118163,318.5,318,317.5,317,316.5,319,319.5,320,320.5,321
1684285286923034182,318.5,318,317.5,317,316.5,319,319.5,320,320.5,321
1684285286945615994,318.5,318,317.5,317,316.5,319,319.5,320,320.5,321
1684285286978324130,318.5,318,317.5,317,316.5,319,319.5,320,320.5,321
1684285287276767132,318.5,318,317.5,317,316.5,319,319.5,320,320.5,321
1684285287493223528,318.5,318,317.5,317,316.5,319,319.5,320,320.5,321
1684285289159275510,318.5,318,317.5,317,316.5,319,319.5,320,320.5,321
1684285289979264491,318.5,318,317.5,317,316.5,319,319.5,320,320.5,321
1684285290091178921,318.5,318,317.5,317,316.5,319,319.5,320,320.5,321
1684285290634931056,318.5,318,317.5,317,316.5,319,319.5,320,320.5,321
1684285293282976893,318.5,318,317.5,317,316.5,319,319.5,320,320.5,321
1684285293946763094,318.5,318,317.5,317,316.5,319,319.5,320,320.5,321
1684285294078977962,318.5,318,317.5,317,316.5,319,319.5,320,320.5,321
1684285294517601419,318.5,318,317.5,317,316.5,319,319.5,320,320.5,321
1684285294806802107,318.5,318,317.5,317,316.5,319,319.5,320,320.5,321
1684285295458756652,318.5,318,317.5,317,316.5,319,319.5,320,320.5,321
1684285295766593452,318.5,318,317.5,317,316.5,319,319.5,320,320.5,321
1684285296168893686,318.5,318,317.5,317,316.5,319,319.5,320,320.5,321
1684285297370844130,318.5,318,317.5,317,316.5,319,319.5,320,320.5,321
1684285297610432842,318.5,318,317.5,317,316.5,319,319.5,320,320.5,321
1684285299177287361,318.5,318,317.5,317,316.5,319,319.5,320,320.5,321
1684285299217214232,318.5,318,317.5,317,316.5,319,319.5,320,320.5,321
1684285299249874167,318.5,318,317.5,317,316.5,319.5,320,320.5,321,321.5
1684285299249874167,318.5,318,317.5,317,316.5,319.5,320,320.5,321,321.5
1684285299280625818,318.5,318,317.5,317,316.5,319.5,320,320.5,321,321.5
1684285299280625818,318.5,318,317.5,317,316.5,319.5,320,320.5,321,321.5
1684285299311343577,318.5,318,317.5,317,316.5,319.5,320,320.5,321,321.5
1684285300205644142,318.5,318,317.5,317,316.5,319.5,320,320.5,321,321.5
1684285300683951432,318.5,318,317.5,317,316.5,319.5,320,320.5,321,321.5
1684285301062565560,318.5,318,317.5,317,316.5,319.5,320,320.5,321,321.5
1684285301097252972,318.5,318,317.5,317,316.5,319.5,320,320.5,321,321.5
1684285301580788459,318.5,318,317.5,317,316.5,319.5,320,320.5,321,321.5
1684285303411592012,318.5,318,317.5,317,316.5,319.5,320,320.5,321,321.5
1684285303445088508,319,318.5,318,317.5,317,319.5,320,320.5,321,321.5
1684285303476055323,319,318.5,318,317.5,317,319.5,320,320.5,321,321.5
1684285303476055323,319,318.5,318,317.5,317,319.5,320,320.5,321,321.5
1684285303486184182,319,318.5,318,317.5,317,319.5,320,320.5,321,321.5
1684285303508685833,319,318.5,318,317.5,317,319.5,320,320.5,321,321.5
1684285303518045899,319,318.5,318,317.5,317,319.5,320,320.5,321,321.5
1684285303549791707,319.5,319,318.5,318,317.5,320,320.5,321,321.5,322
1684285303549791707,319.5,319,318.5,318,317.5,320,320.5,321,321.5,322
1684285303570337325,319.5,319,318.5,318,317.5,320,320.5,321,321.5,322
1684285303570337325,319.5,319,318.5,318,317.5,320,320.5,321,321.5,322
1684285303582598147,319.5,319,318.5,318,317.5,320,320.5,321,321.5,322
1684285303594164906,319.5,319,318.5,318,317.5,320,320.5,321,321.5,322
1684285303594164906,319.5,319,318.5,318,317.5,320,320.5,321,321.5,322
1684285303604129005,319.5,319,318.5,318,317.5,320,320.5,321,321.5,322
1684285304581369074,319.5,319,318.5,318,317.5,320,320.5,321,321.5,322
1684285304581369074,319.5,319,318.5,318,317.5,320,320.5,321,321.5,322
1684285304581369074,319.5,319,318.5,318,317.5,320,320.5,321,321.5,322
1684285304581484962,319.5,319,318.5,318,317.5,320,320.5,321,321.5,322
1684285304603468961,319.5,319,318.5,318,317.5,320,320.5,321,321.5,322
1684285304613713607,319.5,319,318.5,318,317.5,320,320.5,321,321.5,322
1684285304613713607,319.5,319,318.5,318,317.5,320,320.5,321,321.5,322
1684285306605471501,319.5,319,318.5,318,317.5,320,320.5,321,321.5,322
1684285306615658569,319.5,319,318.5,318,317.5,320,320.5,321,321.5,322
1684285307266164584,319.5,319,318.5,318,317.5,320,320.5,321,321.5,322
1684285307434473135,319.5,319,318.5,318,317.5,320,320.5,321,321.5,322
1684285307534416918,319.5,319,318.5,318,317.5,320,320.5,321,321.5,322
1684285307534416918,319.5,319,318.5,318,317.5,320,320.5,321,321.5,322
1684285307573135018,319.5,319,318.5,318,317.5,320,320.5,321,321.5,322
1684285308605412269,319.5,319,318.5,318,317.5,320,320.5,321,321.5,322
1684285310541592395,319.5,319,318.5,318,317.5,320.5,321,321.5,322,322.5
1684285310562235076,320,319.5,319,318.5,318,320.5,321,321.5,322,322.5
1684285310562271013,320,319.5,319,318.5,318,321,321.5,322,322.5,323
1684285310572410683,320,319.5,319,318.5,318,321,321.5,322,322.5,323
1684285310593532352,320,319.5,319,318.5,318,321,321.5,322,322.5,323
1684285310593532352,320,319.5,319,318.5,318,321,321.5,322,322.5,323
1684285310593532352,320,319.5,319,318.5,318,321,321.5,322,322.5,323
1684285310593674058,320,319.5,319,318.5,318,321,321.5,322,322.5,323
1684285310593674058,320,319.5,319,318.5,318,321,321.5,322,322.5,323
1684285310605214227,320,319.5,319,318.5,318,321,321.5,322,322.5,323
1684285310605272216,320,319.5,319,318.5,318,321,321.5,322,322.5,323
1684285310605272216,320,319.5,319,318.5,318,321,321.5,322,322.5,323
1684285310605272216,320,319.5,319,318.5,318,321,321.5,322,322.5,323
1684285310682132385,320.5,320,319.5,319,318.5,321,321.5,322,322.5,323
1684285310716060181,320.5,320,319.5,319,318.5,321,321.5,322,322.5,323
1684285310716060181,320.5,320,319.5,319,318.5,321,321.5,322,322.5,323
1684285310716060181,320.5,320,319.5,319,318.5,321,321.5,322,322.5,323
1684285310728864584,320.5,320,319.5,319,318.5,321,321.5,322,322.5,323
1684285310749158700,320.5,320,319.5,319,318.5,321,321.5,322,322.5,323
1684285310749158700,320.5,320,319.5,319,318.5,321,321.5,322,322.5,323
1684285310781792175,320.5,320,319.5,319,318.5,321.5,322,322.5,323,323.5
1684285310816261828,320.5,320,319.5,319,318.5,321.5,322,322.5,323,323.5
1684285310816439542,321,320.5,320,319.5,319,321.5,322,322.5,323,323.5
1684285310848003489,321,320.5,320,319.5,319,321.5,322,322.5,323,323.5
1684285310848141047,321,320.5,320,319.5,319,321.5,322,322.5,323,323.5
1684285310848141047,321,320.5,320,319.5,319,321.5,322,322.5,323,323.5
1684285310861965585,321,320.5,320,319.5,319,321.5,322,322.5,323,323.5
1684285310882281963,321,320.5,320,319.5,319,321.5,322,322.5,323,323.5
1684285311515816992,321,320.5,320,319.5,319,321.5,322,322.5,323,323.5
1684285311556414301,320.5,320,319.5,319,318.5,321.5,322,322.5,323,323.5
1684285311575966193,320.5,320,319.5,319,318.5,321.5,322,322.5,323,323.5
1684285311575966193,320.5,320,319.5,319,318.5,321.5,322,322.5,323,323.5
1684285311575966193,320.5,320,319.5,319,318.5,321.5,322,322.5,323,323.5
1684285311586435502,320.5,320,319.5,319,318.5,321.5,322,322.5,323,323.5
1684285311586435502,320.5,320,319.5,319,318.5,321.5,322,322.5,323,323.5
1684285311608656606,320.5,320,319.5,319,318.5,321.5,322,322.5,323,323.5
1684285311619495618,320.5,320,319.5,319,318.5,322,322.5,323,323.5,324
1684285311629345683,321,320.5,320,319.5,319,322,322.5,323,323.5,324
1684285311629345683,321,320.5,320,319.5,319,322,322.5,323,323.5,324
1684285311641505175,321,320.5,320,319.5,319,322,322.5,323,323.5,324
1684285311641505175,321,320.5,320,319.5,319,322,322.5,323,323.5,324
1684285311651654683,321,320.5,320,319.5,319,322,322.5,323,323.5,324
1684285311651654683,321,320.5,320,319.5,319,322,322.5,323,323.5,324
1684285311651668569,321,320.5,320,319.5,319,322,322.5,323,323.5,324
1684285311672157110,321,320.5,320,319.5,319,322,322.5,323,323.5,324
1684285311672201152,321,320.5,320,319.5,319,322,322.5,323,323.5,324
1684285311672201152,321,320.5,320,319.5,319,322,322.5,323,323.5,324
1684285311743835549,321,320.5,320,319.5,319,322,322.5,323,323.5,324
1684285313263501984,321,320.5,320,319.5,319,322,322.5,323,323.5,324
1684285313639562657,321,320.5,320,319.5,319,322,322.5,323,323.5,324
1684285313639562657,321,320.5,320,319.5,319,322,322.5,323,323.5,324
1684285313670595707,321.5,321,320.5,320,319.5,322,322.5,323,323.5,324
1684285313700935847,321.5,321,320.5,320,319.5,322,322.5,323,323.5,324
1684285313700935847,321.5,321,320.5,320,319.5,322,322.5,323,323.5,324
1684285313712312749,321.5,321,320.5,320,319.5,322,322.5,323,323.5,324
1684285313732519260,321.5,321,320.5,320,319.5,322,322.5,323,323.5,324
1684285313742768355,321,320.5,320,319.5,319,322,322.5,323,323.5,324
1684285313775498452,321,320.5,320,319.5,319,322,322.5,323,323.5,324
1684285313818513580,321,320.5,320,319.5,319,322,322.5,323,323.5,324
1684285313934386834,321,320.5,320,319.5,319,322,322.5,323,323.5,324
1684285315368905107,321,320.5,320,319.5,319,322,322.5,323,323.5,324
1684285315607757176,321,320.5,320,319.5,319,321.5,322,322.5,323,323.5
1684285315639247445,321,320.5,320,319.5,319,321.5,322,322.5,323,323.5
1684285315672211320,321,320.5,320,319.5,319,321.5,322,322.5,323,323.5
1684285315712947250,321,320.5,320,319.5,319,321.5,322,322.5,323,323.5
1684285316304145794,321,320.5,320,319.5,319,321.5,322,322.5,323,323.5
1684285316304145794,321,320.5,320,319.5,319,321.5,322,322.5,323,323.5
1684285316628394851,321,320.5,320,319.5,319,321.5,322,322.5,323,323.5
1684285316649661403,321,320.5,320,319.5,319,321.5,322,322.5,323,323.5
1684285316662442262,321,320.5,320,319.5,319,321.5,322,322.5,323,323.5
1684285316662494760,321,320.5,320,319.5,319,321.5,322,322.5,323,323.5
1684285316662494760,321,320.5,320,319.5,319,321.5,322,322.5,323,323.5
1684285316662494760,321,320.5,320,319.5,319,321.5,322,322.5,323,323.5
1684285316680814499,320.5,320,319.5,319,318.5,321.5,322,322.5,323,323.5
1684285316711323856,320.5,320,319.5,319,318.5,321.5,322,322.5,323,323.5
1684285316711323856,320.5,320,319.5,319,318.5,321.5,322,322.5,323,323.5
1684285316711323856,320.5,320,319.5,319,318.5,321.5,322,322.5,323,323.5
1684285316711377847,320.5,320,319.5,319,318.5,321.5,322,322.5,323,323.5
1684285316711377847,320.5,320,319.5,319,318.5,321.5,322,322.5,323,323.5
1684285316747278598,320.5,320,319.5,319,318.5,321.5,322,322.5,323,323.5
1684285316747857525,320.5,320,319.5,319,318.5,321.5,322,322.5,323,323.5
1684285317910381017,320.5,320,319.5,319,318.5,321.5,322,322.5,323,323.5
1684285318071587272,320.5,320,319.5,319,318.5,321.5,322,322.5,323,323.5
1684285318101038522,320.5,320,319.5,319,318.5,322,322.5,323,323.5,324
1684285318133768208,320.5,320,319.5,319,318.5,321.5,322,322.5,323,323.5
1684285318133768208,320.5,320,319.5,319,318.5,321.5,322,322.5,323,323.5
1684285318171261990,320.5,320,319.5,319,318.5,321.5,322,322.5,323,323.5
1684285318171399528,320.5,320,319.5,319,318.5,321.5,322,322.5,323,323.5
1684285319848025903,320.5,320,319.5,319,318.5,321.5,322,322.5,323,323.5
1684285321704491691,320.5,320,319.5,319,318.5,321.5,322,322.5,323,323.5
1684285321841829087,320.5,320,319.5,319,318.5,321.5,322,322.5,323,323.5
1684285322413152652,320.5,320,319.5,319,318.5,321.5,322,322.5,323,323.5
1684285323246002161,320.5,320,319.5,319,318.5,321.5,322,322.5,323,323.5
1684285323714095873,320.5,320,319.5,319,318.5,321.5,322,322.5,323,323.5
1684285323779205278,320.5,320,319.5,319,318.5,321.5,322,322.5,323,323.5
1684285324092720361,320.5,320,319.5,319,318.5,321.5,322,322.5,323,323.5
1684285324137795868,320.5,320,319.5,319,318.5,321.5,322,322.5,323,323.5
1684285326379956719,320.5,320,319.5,319,318.5,321.5,322,322.5,323,323.5
1684285326412996507,320.5,320,319.5,319,318.5,321.5,322,322.5,323,323.5
1684285326597439012,320.5,320,319.5,319,318.5,321.5,322,322.5,323,323.5
1684285327434741562,320.5,320,319.5,319,318.5,321.5,322,322.5,323,323.5
1684285327477757372,320.5,320,319.5,319,318.5,321.5,322,322.5,323,323.5
1684285327477757372,320.5,320,319.5,319,318.5,321.5,322,322.5,323,323.5
1684285327578232393,320.5,320,319.5,319,318.5,321.5,322,322.5,323,323.5
1684285327932556051,321,320.5,320,319.5,319,321.5,322,322.5,323,323.5
1684285327955195200,321,320.5,320,319.5,319,321.5,322,322.5,323,323.5
1684285327955195200,320.5,320,319.5,319,318.5,321.5,322,322.5,323,323.5
1684285327987907523,320.5,320,319.5,319,318.5,321.5,322,322.5,323,323.5
1684285327987907523,320.5,320,319.5,319,318.5,321.5,322,322.5,323,323.5
1684285328018510957,320.5,320,319.5,319,318.5,321.5,322,322.5,323,323.5
1684285328727595905,320.5,320,319.5,319,318.5,321.5,322,322.5,323,323.5
1684285329400869510,320.5,320,319.5,319,318.5,321.5,322,322.5,323,323.5
1684285329421458239,320.5,320,319.5,319,318.5,321,321.5,322,322.5,323
1684285329441836363,320.5,320,319.5,319,318.5,321,321.5,322,322.5,323
1684285329441860799,320.5,320,319.5,319,318.5,321,321.5,322,322.5,323
1684285329441860799,320.5,320,319.5,319,318.5,321,321.5,322,322.5,323
1684285329462317370,320.5,320,319.5,319,318.5,321,321.5,322,322.5,323
1684285330663647018,320.5,320,319.5,319,318.5,321,321.5,322,322.5,323
1684285330994577791,320.5,320,319.5,319,318.5,321,321.5,322,322.5,323
1684285333915907787,320.5,320,319.5,319,318.5,321,321.5,322,322.5,323
1684285333970551410,320.5,320,319.5,319,318.5,321,321.5,322,322.5,323
1684285334067325221,320.5,320,319.5,319,318.5,321,321.5,322,322.5,323
1684285334539488955,320.5,320,319.5,319,318.5,321,321.5,322,322.5,323
1684285335033029479,320.5,320,319.5,319,318.5,321,321.5,322,322.5,323
1684285335153761355,320.5,320,319.5,319,318.5,321,321.5,322,322.5,323
1684285335755526420,320.5,320,319.5,319,318.5,321.5,322,322.5,323,323.5
1684285335787733304,320.5,320,319.5,319,318.5,321.5,322,322.5,323,323.5
1684285335787733304,320.5,320,319.5,319,318.5,321.5,322,322.5,323,323.5
1684285335818550890,320.5,320,319.5,319,318.5,321.5,322,322.5,323,323.5
1684285336722443575,320,319.5,319,318.5,318,321.5,322,322.5,323,323.5
1684285336742194972,320,319.5,319,318.5,318,321.5,322,322.5,323,323.5
1684285336742303906,320,319.5,319,318.5,318,321.5,322,322.5,323,323.5
1684285336742303906,320,319.5,319,318.5,318,321.5,322,322.5,323,323.5
1684285336742303906,320,319.5,319,318.5,318,321.5,322,322.5,323,323.5
1684285336764756525,320,319.5,319,318.5,318,321.5,322,322.5,323,323.5
1684285338184082962,320,319.5,319,318.5,318,321,321.5,322,322.5,323
1684285338207052522,320,319.5,319,318.5,318,321,321.5,322,322.5,323
1684285338207052522,320,319.5,319,318.5,318,321,321.5,322,322.5,323
1684285338207052522,320,319.5,319,318.5,318,321,321.5,322,322.5,323
1684285338216644322,320,319.5,319,318.5,318,321,321.5,322,322.5,323
1684285338238193665,320,319.5,319,318.5,318,321,321.5,322,322.5,323
1684285338238193665,320,319.5,319,318.5,318,321,321.5,322,322.5,323
1684285338238193665,320,319.5,319,318.5,318,321,321.5,322,322.5,323
1684285338238193665,320,319.5,319,318.5,318,321,321.5,322,322.5,323
1684285338238387920,320,319.5,319,318.5,318,321,321.5,322,322.5,323
1684285338726568419,320,319.5,319,318.5,318,321,321.5,322,322.5,323
1684285339169979986,320,319.5,319,318.5,318,321,321.5,322,322.5,323
1684285340861768641,320,319.5,319,318.5,318,321,321.5,322,322.5,323
1684285340884271404,320,319.5,319,318.5,318,321,321.5,322,322.5,323
1684285340884386119,320,319.5,319,318.5,318,321,321.5,322,322.5,323
1684285340906699406,320,319.5,319,318.5,318,321,321.5,322,322.5,323
1684285340939828322,320.5,320,319.5,319,318.5,321,321.5,322,322.5,323
1684285340974362316,320.5,320,319.5,319,318.5,321,321.5,322,322.5,323
1684285340974362316,320.5,320,319.5,319,318.5,321,321.5,322,322.5,323
1684285340974362316,320.5,320,319.5,319,318.5,321,321.5,322,322.5,323
1684285340995016278,320.5,320,319.5,319,318.5,321,321.5,322,322.5,323
1684285341461826269,320.5,320,319.5,319,318.5,321,321.5,322,322.5,323
1684285342615177118,320,319.5,319,318.5,318,321,321.5,322,322.5,323
1684285342649885539,320,319.5,319,318.5,318,321,321.5,322,322.5,323
1684285342649885539,320,319.5,319,318.5,318,321,321.5,322,322.5,323
1684285342649885539,320,319.5,319,318.5,318,321,321.5,322,322.5,323
1684285342680487250,320,319.5,319,318.5,318,321,321.5,322,322.5,323
1684285343767760906,320,319.5,319,318.5,318,321,321.5,322,322.5,323
1684285344007396406,320,319.5,319,318.5,318,321,321.5,322,322.5,323
1684285344040160847,320,319.5,319,318.5,318,321,321.5,322,322.5,323
1684285344040185804,320,319.5,319,318.5,318,321,321.5,322,322.5,323
1684285344447763867,320,319.5,319,318.5,318,320.5,321,321.5,322,322.5
1684285344480513831,320,319.5,319,318.5,318,320.5,321,321.5,322,322.5
1684285344480620421,320,319.5,319,318.5,318,320.5,321,321.5,322,322.5
1684285344480620421,320,319.5,319,318.5,318,320.5,321,321.5,322,322.5
1684285344511249283,320,319.5,319,318.5,318,320.5,321,321.5,322,322.5
1684285345193608628,320,319.5,319,318.5,318,321,321.5,322,322.5,323
1684285345226023813,320,319.5,319,318.5,318,321,321.5,322,322.5,323
1684285345226078436,320,319.5,319,318.5,318,321,321.5,322,322.5,323
1684285345226078436,320,319.5,319,318.5,318,321,321.5,322,322.5,323
1684285345260859684,320,319.5,319,318.5,318,321,321.5,322,322.5,323
1684285345260859684,320,319.5,319,318.5,318,321,321.5,322,322.5,323
1684285347491261043,320,319.5,319,318.5,318,321,321.5,322,322.5,323
1684285347491400064,320,319.5,319,318.5,318,321,321.5,322,322.5,323
1684285347527437351,320,319.5,319,318.5,318,321,321.5,322,322.5,323
1684285347557729781,320,319.5,319,318.5,318,321,321.5,322,322.5,323
1684285349226910675,320,319.5,319,318.5,318,321,321.5,322,322.5,323
1684285349460729453,320,319.5,319,318.5,318,321,321.5,322,322.5,323
1684285349493038208,320.5,320,319.5,319,318.5,321,321.5,322,322.5,323
1684285349523699761,320,319.5,319,318.5,318,321,321.5,322,322.5,323
1684285349523699761,320,319.5,319,318.5,318,321,321.5,322,322.5,323
1684285349523699761,320,319.5,319,318.5,318,321,321.5,322,322.5,323
1684285349546245575,320,319.5,319,318.5,318,321,321.5,322,322.5,323
1684285349579009826,320,319.5,319,318.5,318,321,321.5,322,322.5,323
1684285349779677056,320,319.5,319,318.5,318,321,321.5,322,322.5,323
1684285351293380162,320,319.5,319,318.5,318,321,321.5,322,322.5,323
1684285352906526300,320.5,320,319.5,319,318.5,321,321.5,322,322.5,323
1684285352933161633,320.5,320,319.5,319,318.5,321,321.5,322,322.5,323
1684285352933271379,320.5,320,319.5,319,318.5,321,321.5,322,322.5,323
1684285352953189750,320.5,320,319.5,319,318.5,321,321.5,322,322.5,323
1684285352953189750,320.5,320,319.5,319,318.5,321.5,322,322.5,323,323.5
1684285352984898218,320.5,320,319.5,319,318.5,321.5,322,322.5,323,323.5
1684285352984898218,320.5,320,319.5,319,318.5,321.5,322,322.5,323,323.5
1684285352984898218,320.5,320,319.5,319,318.5,321.5,322,322.5,323,323.5
1684285353018723602,320.5,320,319.5,319,318.5,321.5,322,322.5,323,323.5
1684285353494973128,320.5,320,319.5,319,318.5,321,321.5,322,322.5,323
1684285353517484627,320.5,320,319.5,319,318.5,321,321.5,322,322.5,323
1684285353517518531,320.5,320,319.5,319,318.5,321.5,322,322.5,323,323.5
1684285353517518531,320.5,320,319.5,319,318.5,321.5,322,322.5,323,323.5
1684285353517518531,321,320.5,320,319.5,319,321.5,322,322.5,323,323.5
1684285353539907049,321,320.5,320,319.5,319,321.5,322,322.5,323,323.5
1684285353550252114,320.5,320,319.5,319,318.5,321.5,322,322.5,323,323.5
1684285353550252114,320.5,320,319.5,319,318.5,321.5,322,322.5,323,323.5
1684285353572795193,320.5,320,319.5,319,318.5,321.5,322,322.5,323,323.5
1684285353572795193,320.5,320,319.5,319,318.5,321.5,322,322.5,323,323.5
1684285353572890101,320.5,320,319.5,319,318.5,321.5,322,322.5,323,323.5
1684285353582927017,320.5,320,319.5,319,318.5,321.5,322,322.5,323,323.5
1684285353607201307,320.5,320,319.5,319,318.5,321.5,322,322.5,323,323.5
1684285353808245544,320.5,320,319.5,319,318.5,321.5,322,322.5,323,323.5
1684285353850384618,320.5,320,319.5,319,318.5,321.5,322,322.5,323,323.5
1684285353860438496,320.5,320,319.5,319,318.5,321.5,322,322.5,323,323.5
1684285353870867008,320.5,320,319.5,319,318.5,321.5,322,322.5,323,323.5
1684285353901398676,321,320.5,320,319.5,319,321.5,322,322.5,323,323.5
1684285353932167330,321,320.5,320,319.5,319,321.5,322,322.5,323,323.5
1684285353965516379,321,320.5,320,319.5,319,321.5,322,322.5,323,323.5
1684285353995534313,320.5,320,319.5,319,318.5,321.5,322,322.5,323,323.5
1684285354028553573,320.5,320,319.5,319,318.5,321.5,322,322.5,323,323.5
1684285354064411693,320.5,320,319.5,319,318.5,321.5,322,322.5,323,323.5
1684285354598755853,320.5,320,319.5,319,318.5,321.5,322,322.5,323,323.5
1684285355592245021,320.5,320,319.5,319,318.5,321.5,322,322.5,323,323.5
1684285358452125363,321,320.5,320,319.5,319,321.5,322,322.5,323,323.5
1684285358485070814,321,320.5,320,319.5,319,321.5,322,322.5,323,323.5
1684285358485087645,321,320.5,320,319.5,319,321.5,322,322.5,323,323.5
1684285358515604787,321,320.5,320,319.5,319,321.5,322,322.5,323,323.5
1684285358710107642,321,320.5,320,319.5,319,321.5,322,322.5,323,323.5
1684285358755277667,321,320.5,320,319.5,319,321.5,322,322.5,323,323.5
1684285360047798182,321,320.5,320,319.5,319,321.5,322,322.5,323,323.5
1684285360099073571,320.5,320,319.5,319,318.5,321.5,322,322.5,323,323.5
1684285360129367122,320.5,320,319.5,319,318.5,321.5,322,322.5,323,323.5
1684285360163456612,320.5,320,319.5,319,318.5,321.5,322,322.5,323,323.5
1684285360297518748,320.5,320,319.5,319,318.5,321.5,322,322.5,323,323.5
1684285360493114184,320.5,320,319.5,319,318.5,321.5,322,322.5,323,323.5
1684285360525236971,320.5,320,319.5,319,318.5,321.5,322,322.5,323,323.5
1684285360735149811,320.5,320,319.5,319,318.5,321.5,322,322.5,323,323.5
1684285360757354514,320.5,320,319.5,319,318.5,321.5,322,322.5,323,323.5
1684285360987539419,320.5,320,319.5,319,318.5,321.5,322,322.5,323,323.5
1684285361152283676,320.5,320,319.5,319,318.5,321.5,322,322.5,323,323.5
1684285361215668042,320.5,320,319.5,319,318.5,321.5,322,322.5,323,323.5
1684285361215668042,320,319.5,319,318.5,318,321.5,322,322.5,323,323.5
1684285361246986739,320,319.5,319,318.5,318,321.5,322,322.5,323,323.5
1684285361246986739,320,319.5,319,318.5,318,321.5,322,322.5,323,323.5
1684285361247011405,320,319.5,319,318.5,318,321.5,322,322.5,323,323.5
1684285361257194185,320,319.5,319,318.5,318,321.5,322,322.5,323,323.5
1684285361279556795,320,319.5,319,318.5,318,321.5,322,322.5,323,323.5
1684285361530384370,320,319.5,319,318.5,318,321.5,322,322.5,323,323.5
1684285362217763841,320.5,320,319.5,319,318.5,321.5,322,322.5,323,323.5
1684285362248396860,320.5,320,319.5,319,318.5,321.5,322,322.5,323,323.5
1684285362278899595,320.5,320,319.5,319,318.5,321.5,322,322.5,323,323.5
1684285362279010002,320.5,320,319.5,319,318.5,321.5,322,322.5,323,323.5
1684285362360773087,321,320.5,320,319.5,319,321.5,322,322.5,323,323.5
1684285362382252629,321,320.5,320,319.5,319,321.5,322,322.5,323,323.5
1684285362406116488,321,320.5,320,319.5,319,321.5,322,322.5,323,323.5
1684285363631587104,320.5,320,319.5,319,318.5,321.5,322,322.5,323,323.5
1684285363662240602,320.5,320,319.5,319,318.5,321.5,322,322.5,323,323.5
1684285363695401628,320.5,320,319.5,319,318.5,321.5,322,322.5,323,323.5
1684285363842525229,320.5,320,319.5,319,318.5,321.5,322,322.5,323,323.5
1684285366593577185,320.5,320,319.5,319,318.5,321.5,322,322.5,323,323.5
1684285367431746361,320.5,320,319.5,319,318.5,321.5,322,322.5,323,323.5
1684285367458257551,320.5,320,319.5,319,318.5,321.5,322,322.5,323,323.5
1684285367480840294,320.5,320,319.5,319,318.5,321.5,322,322.5,323,323.5
1684285367480840294,320.5,320,319.5,319,318.5,321.5,322,322.5,323,323.5
1684285367826893002,320.5,320,319.5,319,318.5,321.5,322,322.5,323,323.5
1684285368821254077,320.5,320,319.5,319,318.5,321.5,322,322.5,323,323.5
1684285368985553750,320.5,320,319.5,319,318.5,321.5,322,322.5,323,323.5
1684285369016385382,320.5,320,319.5,319,318.5,321.5,322,322.5,323,323.5
1684285369016385382,320.5,320,319.5,319,318.5,321.5,322,322.5,323,323.5
1684285370276548871,320.5,320,319.5,319,318.5,321,321.5,322,322.5,323
1684285370310556085,320.5,320,319.5,319,318.5,321,321.5,322,322.5,323
1684285370310556085,320.5,320,319.5,319,318.5,321,321.5,322,322.5,323
1684285370310556085,320.5,320,319.5,319,318.5,321,321.5,322,322.5,323
1684285370343025212,320.5,320,319.5,319,318.5,321,321.5,322,322.5,323
1684285371405820656,320.5,320,319.5,319,318.5,321,321.5,322,322.5,323
1684285371573149005,320.5,320,319.5,319,318.5,321,321.5,322,322.5,323
1684285372128246603,320.5,320,319.5,319,318.5,321,321.5,322,322.5,323
1684285373087326061,320,319.5,319,318.5,318,321,321.5,322,322.5,323
1684285373120579430,320,319.5,319,318.5,318,321,321.5,322,322.5,323
1684285373120638191,320,319.5,319,318.5,318,321,321.5,322,322.5,323
1684285373120638191,320,319.5,319,318.5,318,321,321.5,322,322.5,323
1684285373155182784,320,319.5,319,318.5,318,321,321.5,322,322.5,323
1684285373155182784,320,319.5,319,318.5,318,321,321.5,322,322.5,323
1684285373199876154,320,319.5,319,318.5,318,321,321.5,322,322.5,323
1684285373393060033,320,319.5,319,318.5,318,321,321.5,322,322.5,323
1684285373425661768,320,319.5,319,318.5,318,321,321.5,322,322.5,323
1684285373460267787,320,319.5,319,318.5,318,321,321.5,322,322.5,323
1684285373460267787,320,319.5,319,318.5,318,321,321.5,322,322.5,323
1684285373460303474,320,319.5,319,318.5,318,321,321.5,322,322.5,323
1684285373460303474,320,319.5,319,318.5,318,321,321.5,322,322.5,323
1684285373938727564,320,319.5,319,318.5,318,321,321.5,322,322.5,323
1684285374281164662,320,319.5,319,318.5,318,321,321.5,322,322.5,323
1684285374569177679,320,319.5,319,318.5,318,321,321.5,322,322.5,323
1684285374622177717,320,319.5,319,318.5,318,321,321.5,322,322.5,323
1684285374888626052,320,319.5,319,318.5,318,321,321.5,322,322.5,323
1684285375892137940,320,319.5,319,318.5,318,321,321.5,322,322.5,323
1684285375923238517,320,319.5,319,318.5,318,320.5,321,321.5,322,322.5
1684285375954524412,320,319.5,319,318.5,318,320.5,321,321.5,322,322.5
1684285375954524412,320,319.5,319,318.5,318,320.5,321,321.5,322,322.5
1684285375987267583,320,319.5,319,318.5,318,320.5,321,321.5,322,322.5
1684285376042357154,320,319.5,319,318.5,318,320.5,321,321.5,322,322.5
1684285376086776630,320,319.5,319,318.5,318,320.5,321,321.5,322,322.5
1684285376664409071,320,319.5,319,318.5,318,320.5,321,321.5,322,322.5
1684285376674453040,320,319.5,319,318.5,318,320.5,321,321.5,322,322.5
1684285377380485135,320,319.5,319,318.5,318,320.5,321,321.5,322,322.5
1684285378035304298,320,319.5,319,318.5,318,320.5,321,321.5,322,322.5
1684285378127596223,320,319.5,319,318.5,318,320.5,321,321.5,322,322.5
1684285378288234321,320,319.5,319,318.5,318,320.5,321,321.5,322,322.5
1684285378318953902,320,319.5,319,318.5,318,320.5,321,321.5,322,322.5
1684285379674630113,320,319.5,319,318.5,318,320.5,321,321.5,322,322.5
1684285379851432853,320,319.5,319,318.5,318,320.5,321,321.5,322,322.5
1684285379871447364,320,319.5,319,318.5,318,320.5,321,321.5,322,322.5
1684285379871447364,320,319.5,319,318.5,318,320.5,321,321.5,322,322.5
1684285379871554816,320,319.5,319,318.5,318,320.5,321,321.5,322,322.5
1684285379944990294,320,319.5,319,318.5,318,320.5,321,321.5,322,322.5
1684285379967059754,320,319.5,319,318.5,318,320.5,321,321.5,322,322.5
1684285380000614499,320,319.5,319,318.5,318,320.5,321,321.5,322,322.5
1684285380314983124,320,319.5,319,318.5,318,320.5,321,321.5,322,322.5
1684285380483693929,320,319.5,319,318.5,318,320.5,321,321.5,322,322.5
1684285380494143410,320,319.5,319,318.5,318,320.5,321,321.5,322,322.5
1684285380528813640,320,319.5,319,318.5,318,320.5,321,321.5,322,322.5
1684285380528813640,320,319.5,319,318.5,318,320.5,321,321.5,322,322.5
1684285381932929545,320,319.5,319,318.5,318,320.5,321,321.5,322,322.5
1684285381955678841,320,319.5,319,318.5,318,320.5,321,321.5,322,322.5
1684285382315658539,320,319.5,319,318.5,318,320.5,321,321.5,322,322.5
1684285383834348708,320,319.5,319,318.5,318,320.5,321,321.5,322,322.5
1684285384381521305,320,319.5,319,318.5,318,320.5,321,321.5,322,322.5
1684285384410199704,319.5,319,318.5,318,317,320.5,321,321.5,322,322.5
1684285384431562266,319.5,319,318.5,318,317,320.5,321,321.5,322,322.5
1684285384431562266,319.5,319,318.5,318,317,320.5,321,321.5,322,322.5
1684285384431562266,319.5,319,318.5,318,317,320.5,321,321.5,322,322.5
1684285384444202180,319.5,319,318.5,318,317,320.5,321,321.5,322,322.5
1684285384444312326,319,318.5,318,317,316.5,320.5,321,321.5,322,322.5
1684285384444312326,319,318.5,318,317,316.5,320,320.5,321,321.5,322
1684285384444312326,319,318.5,318,317,316.5,320,320.5,321,321.5,322
1684285384444312326,319,318.5,318,317,316.5,320,320.5,321,321.5,322
1684285384444426090,319,318.5,318,317,316.5,320,320.5,321,321.5,322
1684285384454119982,319,318.5,318,317,316.5,320,320.5,321,321.5,322
1684285384474042811,319,318.5,318,317,316.5,320,320.5,321,321.5,322
1684285384474042811,319,318.5,318,317,316.5,320,320.5,321,321.5,322
1684285384474042811,319,318.5,318,317,316.5,320,320.5,321,321.5,322
1684285384474224382,319,318.5,318,317,316.5,320,320.5,321,321.5,322
1684285384474224382,319,318.5,318,317,316.5,320,320.5,321,321.5,322
1684285384474224382,319,318.5,318,317,316.5,320,320.5,321,321.5,322
1684285384482586173,319,318.5,318,317.5,317,320,320.5,321,321.5,322
1684285384482586173,319,318.5,318,317.5,317,320,320.5,321,321.5,322
1684285384505961995,319,318.5,318,317.5,317,320,320.5,321,321.5,322
1684285385268854045,319,318.5,318,317.5,317,320,320.5,321,321.5,322
1684285385483095903,319,318.5,318,317.5,317,320,320.5,321,321.5,322
1684285385579500130,319,318.5,318,317.5,317,320,320.5,321,321.5,322
1684285385602859752,319,318.5,318,317.5,317,319.5,320,320.5,321,321.5
1684285385633464738,319,318.5,318,317.5,317,319.5,320,320.5,321,321.5
1684285385633464738,319,318.5,318,317,316.5,319.5,320,320.5,321,321.5
1684285385668278067,319,318.5,318,317,316.5,319.5,320,320.5,321,321.5
1684285385951009958,319,318.5,318,317,316.5,319.5,320,320.5,321,321.5
1684285385961225689,319,318.5,318,317,316.5,319.5,320,320.5,321,321.5
1684285386073485247,319,318.5,318,317,316.5,319.5,320,320.5,321,321.5
1684285386295113555,319,318.5,318,317,316.5,319.5,320,320.5,321,321.5
1684285386487361496,319,318.5,318,317,316.5,319.5,320,320.5,321,321.5
1684285387369248510,319,318.5,318,317,316.5,319.5,320,320.5,321,321.5
1684285388090140928,319,318.5,318,317,316.5,319.5,320,320.5,321,321.5
1684285388100371768,319,318.5,318,317,316.5,319.5,320,320.5,321,321.5
1684285388276151517,319,318.5,318,317,316.5,319.5,320,320.5,321,321.5
1684285388662476934,319,318.5,318,317,316.5,319.5,320,320.5,321,321.5
1684285388662476934,319,318.5,318,317,316.5,319.5,320,320.5,321,321.5
1684285388746558993,319,318.5,318,317,316.5,319.5,320,320.5,321,321.5
1684285388840641050,319,318.5,318,317,316.5,319.5,320,320.5,321,321.5
1684285388840664754,319,318.5,318,317,316.5,319.5,320,320.5,321,321.5
1684285388861276757,319,318.5,318,317,316.5,319.5,320,320.5,321,321.5
1684285388861276757,319,318.5,318,317,316.5,319.5,320,320.5,321,321.5
1684285390022411220,319,318.5,318,317,316.5,319.5,320,320.5,321,321.5
1684285392000826798,319,318.5,318,317,316.5,319.5,320,320.5,321,321.5
1684285392347192072,319,318.5,318,317,316.5,319.5,320,320.5,321,321.5
1684285393850165881,319,318.5,318,317,316.5,319.5,320,320.5,321,321.5
1684285394109678523,319,318.5,318,317,316.5,319.5,320,320.5,321,321.5
1684285394869156923,319,318.5,318,317,316.5,319.5,320,320.5,321,321.5
1684285395001374916,319,318.5,318,317,316.5,319.5,320,320.5,321,321.5
1684285395011591400,319,318.5,318,317,316.5,319.5,320,320.5,321,321.5
1684285395748083709,319,318.5,318,317,316.5,319.5,320,320.5,321,321.5
1684285396262457390,319,318.5,318,317,316.5,319.5,320,320.5,321,321.5
1684285396352873422,319,318.5,318,317,316.5,319.5,320,320.5,321,321.5
1684285397304082361,319,318.5,318,317,316.5,319.5,320,320.5,321,321.5
1684285398665022566,319,318.5,318,317,316.5,319.5,320,320.5,321,321.5
1684285398874930136,319,318.5,318,317,316.5,319.5,320,320.5,321,321.5
1684285399017481993,319,318.5,318,317,316.5,319.5,320,320.5,321,321.5
1684285399430957399,0,0,0,0,0,0,0,0,0,0
1684285399431131095,320,319,318.5,318,317,320.5,321,321.5,322,322.5
1684285399462831929,320,319,318.5,318,317,320.5,321,321.5,322,322.5
1684285399462831929,320,319,318.5,318,317,320.5,321,321.5,322,322.5
1684285399462831929,320,319,318.5,318,317,320.5,321,321.5,322,322.5
1684285399462979736,319,318.5,318,317,316.5,320.5,321,321.5,322,322.5
1684285399462979736,319,318.5,318,317,316.5,320.5,321,321.5,322,322.5
1684285399495615636,319,318.5,318,317,316.5,320.5,321,321.5,322,322.5
1684285399495615636,319,318.5,318,317,316.5,320.5,321,321.5,322,322.5
1684285399495615636,319,318.5,318,317,316.5,320.5,321,321.5,322,322.5
1684285399495615636,319,318.5,318,317,316.5,320.5,321,321.5,322,322.5
1684285399495681420,319,318.5,318,317,316.5,320.5,321,321.5,322,322.5
1684285399530520677,319,318.5,318,317,316.5,320.5,321,321.5,322,322.5
1684285399905082976,319,318.5,318,317,316.5,319.5,320.5,321,321.5,322
1684285399938204528,319,318.5,318,317,316.5,319.5,320.5,321,321.5,322
1684285399938204528,319,318.5,318,317,316.5,319.5,320.5,321,321.5,322
1684285399948166794,319,318.5,318,317,316.5,319.5,320.5,321,321.5,322
1684285399960611922,319,318.5,318,317,316.5,320.5,321,321.5,322,322.5
1684285399970868160,319,318.5,318,317,316.5,320.5,321,321.5,322,322.5
1684285399993442798,319,318.5,318,317,316.5,320.5,321,321.5,322,322.5
1684285399993442798,319,318.5,318,317,316.5,320.5,321,321.5,322,322.5
1684285399993553987,319,318.5,318,317,316.5,320.5,321,321.5,322,322.5
1684285399993661398,319,318.5,318,317,316.5,320.5,321,321.5,322,322.5
1684285399993661398,319,318.5,318,317,316.5,320.5,321,321.5,322,322.5
1684285400039235252,319,318.5,318,317,316.5,320.5,321,321.5,322,322.5
1684285400039293461,319,318.5,318,317,316.5,320.5,321,321.5,322,322.5
1684285400039293461,319,318.5,318,317,316.5,320.5,321,321.5,322,322.5
1684285400049580186,319,318.5,318,317,316.5,320.5,321,321.5,322,322.5
1684285400166170055,319,318.5,318,317,316.5,320.5,321,321.5,322,322.5
1684285400166227823,319,318.5,318,317,316.5,320.5,321,321.5,322,322.5
1684285400630267453,319,318.5,318,317,316.5,320.5,321,321.5,322,322.5
1684285400663887040,319,318.5,318,317,316.5,320.5,321,321.5,322,322.5
1684285400871835461,319,318.5,318,317,316.5,320.5,321,321.5,322,322.5
1684285401052340282,319,318.5,318,317,316.5,320.5,321,321.5,322,322.5
1684285401073543966,319,318.5,318,317,316.5,320.5,321,321.5,322,322.5
1684285401083723840,319,318.5,318,317,316.5,320.5,321,321.5,322,322.5
1684285401104289656,319.5,319,318.5,318,317,320.5,321,321.5,322,322.5
1684285401136971643,319.5,319,318.5,318,317,320.5,321,321.5,322,322.5
1684285401147897578,319.5,319,318.5,318,317,321,321.5,322,322.5,323
1684285401159438428,319.5,319,318.5,318,317,321,321.5,322,322.5,323
1684285401170272491,319.5,319,318.5,318,317,321,321.5,322,322.5,323
1684285401181813031,319.5,319,318.5,318,317,321,321.5,322,322.5,323
1684285401181813031,319.5,319,318.5,318,317,321,321.5,322,322.5,323
1684285401267653832,319.5,319,318.5,318,317,321,321.5,322,322.5,323
1684285401310558424,320,319.5,319,318.5,318,321,321.5,322,322.5,323
1684285401332867022,320,319.5,319,318.5,318,321,321.5,322,322.5,323
1684285401355513265,320,319.5,319,318.5,318,321,321.5,322,322.5,323
1684285401651231319,319.5,319,318.5,318,317,321,321.5,322,322.5,323
1684285401673604589,319.5,319,318.5,318,317,321,321.5,322,322.5,323
1684285401694196885,319.5,319,318.5,318,317,321,321.5,322,322.5,323
1684285402163037289,319.5,319,318.5,318,317,321,321.5,322,322.5,323
1684285402204483161,319.5,319,318.5,318,317,321,321.5,322,322.5,323
1684285402204483161,319.5,319,318.5,318,317,321,321.5,322,322.5,323
1684285402204483161,319.5,319,318.5,318,317,321,321.5,322,322.5,323
1684285402214396635,320,319.5,319,318.5,318,321,321.5,322,322.5,323
1684285402214420881,320,319.5,319,318.5,318,321,321.5,322,322.5,323
1684285402227087064,320,319.5,319,318.5,318,321,321.5,322,322.5,323
1684285402234808813,320,319.5,319,318.5,318,321,321.5,322,322.5,323
1684285402352789654,320,319.5,319,318.5,318,321,321.5,322,322.5,323
1684285402549306700,320,319.5,319,318.5,318,321,321.5,322,322.5,323
1684285403068266623,320,319.5,319,318.5,318,321,321.5,322,322.5,323
1684285403121609273,320,319.5,319,318.5,318,321,321.5,322,322.5,323
1684285403121609273,320,319.5,319,318.5,318,321,321.5,322,322.5,323
1684285404615864381,320,319.5,319,318.5,318,321,321.5,322,322.5,323
1684285404670718750,320,319.5,319,318.5,318,321,321.5,322,322.5,323
1684285404700511241,320,319.5,319,318.5,318,321,321.5,322,322.5,323
1684285404700511241,320,319.5,319,318.5,318,321,321.5,322,322.5,323
1684285405734010374,320,319.5,319,318.5,318,321,321.5,322,322.5,323
1684285406032782554,320,319.5,319,318.5,318,321,321.5,322,322.5,323
1684285406083953817,320,319.5,319,318.5,318,321,321.5,322,322.5,323
1684285406107503466,320,319.5,319,318.5,318,321,321.5,322,322.5,323
1684285406179179671,320,319.5,319,318.5,318,321,321.5,322,322.5,323
1684285406179179671,320,319.5,319,318.5,318,321,321.5,322,322.5,323
1684285407471560032,320,319.5,319,318.5,318,321,321.5,322,322.5,323
1684285407788953556,320,319.5,319,318.5,318,321,321.5,322,322.5,323
1684285408121806478,320,319.5,319,318.5,318,321,321.5,322,322.5,323
1684285408392097740,320,319.5,319,318.5,318,321,321.5,322,322.5,323
1684285408422829634,320,319.5,319,318.5,318,321,321.5,322,322.5,323
1684285408835605196,320,319.5,319,318.5,318,321,321.5,322,322.5,323
1684285411206354121,320,319.5,319,318.5,318,321,321.5,322,322.5,323
1684285411627887607,320,319.5,319,318.5,318,321,321.5,322,322.5,323
1684285411783402605,320,319.5,319,318.5,318,321,321.5,322,322.5,323
1684285411783514114,320,319.5,319,318.5,318,321,321.5,322,322.5,323
1684285411814583903,320,319.5,319,318.5,318,321,321.5,322,322.5,323
1684285411834893578,320,319.5,319,318.5,318,321,321.5,322,322.5,323
1684285411857746739,320,319.5,319,318.5,318,321,321.5,322,322.5,323
1684285412417520146,320,319.5,319,318.5,318,321,321.5,322,322.5,323
1684285412448584515,320,319.5,319,318.5,318,321,321.5,322,322.5,323
1684285412503667313,320.5,320,319.5,319,318.5,321,321.5,322,322.5,323
1684285412536772665,320.5,320,319.5,319,318.5,321,321.5,322,322.5,323
1684285412569071442,320.5,320,319.5,319,318.5,321,321.5,322,322.5,323
1684285412924312281,320.5,320,319.5,319,318.5,321,321.5,322,322.5,323
1684285412947074822,320.5,320,319.5,319,318.5,321,321.5,322,322.5,323
1684285413092786042,320.5,320,319.5,319,318.5,321,321.5,322,322.5,323
1684285413102605700,320.5,320,319.5,319,318.5,321,321.5,322,322.5,323
1684285414180851153,320.5,320,319.5,319,318.5,321,321.5,322,322.5,323
1684285414215985033,320.5,320,319.5,319,318.5,321,321.5,322,322.5,323
1684285414216009058,320.5,320,319.5,319,318.5,321,321.5,322,322.5,323
1684285414216009058,320.5,320,319.5,319,318.5,321,321.5,322,322.5,323
1684285415577595205,320.5,320,319.5,319,318.5,321,321.5,322,322.5,323
1684285415610422174,320.5,320,319.5,319,318.5,321,321.5,322,322.5,323
1684285415727102993,320.5,320,319.5,319,318.5,321,321.5,322,322.5,323
1684285415817111090,320.5,320,319.5,319,318.5,321,321.5,322,322.5,323
1684285416109055318,320.5,320,319.5,319,318.5,321,321.5,322,322.5,323
1684285416884434585,320.5,320,319.5,319,318.5,321,321.5,322,322.5,323
1684285417237539364,320.5,320,319.5,319,318.5,321,321.5,322,322.5,323
1684285418130704695,320.5,320,319.5,319,318.5,321,321.5,322,322.5,323
1684285418813461716,320.5,320,319.5,319,318.5,321,321.5,322,322.5,323
1684285419212797522,320.5,320,319.5,319,318.5,321,321.5,322,322.5,323
1684285419940976631,320.5,320,319.5,319,318.5,321,321.5,322,322.5,323
1684285420736492868,320.5,320,319.5,319,318.5,321,321.5,322,322.5,323
1684285421004248879,320.5,320,319.5,319,318.5,321,321.5,322,322.5,323
1684285421215550596,320.5,320,319.5,319,318.5,321,321.5,322,322.5,323
1684285421404594601,320.5,320,319.5,319,318.5,321,321.5,322,322.5,323
1684285421414873983,320.5,320,319.5,319,318.5,321,321.5,322,322.5,323
1684285422039463403,320,319.5,319,318.5,318,321,321.5,322,322.5,323
1684285422070075653,320,319.5,319,318.5,318,321,321.5,322,322.5,323
1684285422080183984,320,319.5,319,318.5,318,321,321.5,322,322.5,323
1684285422092784083,320,319.5,319,318.5,318,321,321.5,322,322.5,323
1684285423019243459,320,319.5,319,318.5,318,321,321.5,322,322.5,323
1684285424234797564,320,319.5,319,318.5,318,321,321.5,322,322.5,323
1684285424373915323,320,319.5,319,318.5,318,321,321.5,322,322.5,323
1684285426378811923,320,319.5,319,318.5,318,320.5,321,321.5,322,322.5
1684285426411563870,320,319.5,319,318.5,318,320.5,321,321.5,322,322.5
1684285426445316487,320,319.5,319,318.5,318,320.5,321,321.5,322,322.5
1684285426692451218,320,319.5,319,318.5,318,320.5,321,321.5,322,322.5
1684285426714805462,320,319.5,319,318.5,318,320.5,321,321.5,322,322.5
1684285427150767250,320,319.5,319,318.5,318,320.5,321,321.5,322,322.5
1684285427995749408,320,319.5,319,318.5,318,320.5,321,321.5,322,322.5
1684285428016288043,320,319.5,319,318.5,318,320.5,321,321.5,322,322.5
1684285428016322017,320,319.5,319,318.5,318,320.5,321,321.5,322,322.5
1684285428241821854,320,319.5,319,318.5,318,320.5,321,321.5,322,322.5
1684285428275002487,320,319.5,319,318.5,318,320.5,321,321.5,322,322.5
1684285428406462787,320,319.5,319,318.5,318,320.5,321,321.5,322,322.5
1684285428406580098,320,319.5,319,318.5,318,320.5,321,321.5,322,322.5
1684285428416710770,320,319.5,319,318.5,318,320.5,321,321.5,322,322.5
1684285428512935058,320,319.5,319,318.5,318,320.5,321,321.5,322,322.5
1684285431027851353,320,319.5,319,318.5,318,320.5,321,321.5,322,322.5
1684285431595786074,320,319.5,319,318.5,318,320.5,321,321.5,322,322.5
1684285432064675960,320,319.5,319,318.5,318,320.5,321,321.5,322,322.5
1684285433918639956,320,319.5,319,318.5,318,320.5,321,321.5,322,322.5
1684285434740009126,320,319.5,319,318.5,318,320.5,321,321.5,322,322.5
1684285434750594352,320,319.5,319,318.5,318,320.5,321,321.5,322,322.5
1684285435128327315,320,319.5,319,318.5,318,320.5,321,321.5,322,322.5
1684285435494635084,320,319.5,319,318.5,318,320.5,321,321.5,322,322.5
1684285435527450341,320,319.5,319,318.5,318,320.5,321,321.5,322,322.5
1684285436286241029,320,319.5,319,318.5,318,320.5,321,321.5,322,322.5
1684285436306612510,320,319.5,319,318.5,318,320.5,321,321.5,322,322.5
1684285436775118265,320,319.5,319,318.5,318,320.5,321,321.5,322,322.5
1684285437511173353,320,319.5,319,318.5,318,320.5,321,321.5,322,322.5
1684285438208206049,320,319.5,319,318.5,318,320.5,321,321.5,322,322.5
1684285438325391686,320,319.5,319,318.5,318,320.5,321,321.5,322,322.5
1684285440563561798,320,319.5,319,318.5,318,320.5,321,321.5,322,322.5
1684285441644860404,320,319.5,319,318.5,318,320.5,321,321.5,322,322.5
1684285441833334919,320,319.5,319,318.5,318,320.5,321,321.5,322,322.5
1684285442214178091,320,319.5,319,318.5,318,320.5,321,321.5,322,322.5
1684285443029413995,320,319.5,319,318.5,318,320.5,321,321.5,322,322.5
1684285443885610080,320,319.5,319,318.5,318,320.5,321,321.5,322,322.5
1684285444063802869,320,319.5,319,318.5,318,320.5,321,321.5,322,322.5
1684285444786669543,320,319.5,319,318.5,318,320.5,321,321.5,322,322.5
1684285445005116828,319.5,319,318.5,318,317.5,320.5,321,321.5,322,322.5
1684285445023218016,319.5,319,318.5,318,317.5,320.5,321,321.5,322,322.5
1684285445023218016,319.5,319,318.5,318,317.5,320.5,321,321.5,322,322.5
1684285445023218016,319.5,319,318.5,318,317.5,320.5,321,321.5,322,322.5
1684285445033561748,319.5,319,318.5,318,317.5,320.5,321,321.5,322,322.5
1684285445033593738,319.5,319,318.5,318,317.5,320.5,321,321.5,322,322.5
1684285445043654078,319.5,319,318.5,318,317,320.5,321,321.5,322,322.5
1684285445043687341,319.5,319,318.5,318,317,320.5,321,321.5,322,322.5
1684285445056006643,319.5,319,318.5,318,317,320,320.5,321,321.5,322
1684285445080643202,319.5,319,318.5,318,317,320,320.5,321,321.5,322
1684285445102912256,319.5,319,318.5,318,317.5,320,320.5,321,321.5,322
1684285446192362017,319.5,319,318.5,318,317.5,320,320.5,321,321.5,322
1684285446372588274,319,318.5,318,317.5,317,320,320.5,321,321.5,322
1684285446405551719,319,318.5,318,317.5,317,320,320.5,321,321.5,322
1684285446405551719,319,318.5,318,317.5,317,320,320.5,321,321.5,322
1684285446417673901,319,318.5,318,317.5,317,320,320.5,321,321.5,322
1684285446440168759,319,318.5,318,317.5,317,320,320.5,321,321.5,322
1684285446451951684,319,318.5,318,317.5,317,320,320.5,321,321.5,322
1684285448374631566,319,318.5,318,317.5,317,320,320.5,321,321.5,322
1684285448407523135,319,318.5,318,317.5,317,320,320.5,321,321.5,322
1684285449061639708,319,318.5,318,317.5,317,320,320.5,321,321.5,322
1684285449651834887,319,318.5,318,317.5,317,320,320.5,321,321.5,322
1684285449672049504,319,318.5,318,317.5,317,320,320.5,321,321.5,322
1684285449702845940,319,318.5,318,317.5,317,320,320.5,321,321.5,322
1684285449702845940,318.5,318,317.5,317,316.5,320,320.5,321,321.5,322
1684285449735622283,318.5,318,317.5,317,316.5,320,320.5,321,321.5,322
1684285449735622283,318.5,318,317.5,317,316.5,320,320.5,321,321.5,322
1684285449735676195,318.5,318,317.5,317,316.5,320,320.5,321,321.5,322
1684285449748168301,318.5,318,317.5,317,316.5,320,320.5,321,321.5,322
1684285449770397931,318.5,318,317.5,317,316.5,320,320.5,321,321.5,322
1684285450632634507,318.5,318,317.5,317,316.5,320,320.5,321,321.5,322
1684285450644812564,318.5,318,317.5,317,316.5,320,320.5,321,321.5,322
1684285451035921773,318.5,318,317.5,317,316.5,319.5,320,320.5,321,321.5
1684285451066957528,318.5,318,317.5,317,316.5,319.5,320,320.5,321,321.5
1684285451066957528,318.5,318,317,316.5,316,319.5,320,320.5,321,321.5
1684285451067029994,318.5,318,317,316.5,316,319.5,320,320.5,321,321.5
1684285451099662928,318.5,318,317,316.5,316,319.5,320,320.5,321,321.5
1684285451099662928,318.5,318,317,316.5,316,319.5,320,320.5,321,321.5
1684285451099662928,318.5,318,317,316.5,316,319.5,320,320.5,321,321.5
1684285451134549815,318.5,318,317,316.5,316,319.5,320,320.5,321,321.5
1684285451370010906,318.5,318,317,316.5,316,319.5,320,320.5,321,321.5
1684285451380013237,318.5,318,317,316.5,316,319.5,320,320.5,321,321.5
1684285451955355026,318.5,318,317,316.5,316,319.5,320,320.5,321,321.5
1684285451989416553,318,317,316.5,316,315.5,319.5,320,320.5,321,321.5
1684285452022260062,318,317,316.5,316,315.5,319.5,320,320.5,321,321.5
1684285452022296160,318,317,316.5,316,315.5,319.5,320,320.5,321,321.5
1684285452034779991,318,317,316.5,316,315.5,319.5,320,320.5,321,321.5
1684285452056007900,318,317,316.5,316,315.5,319.5,320,320.5,321,321.5
1684285452494299232,318,317,316.5,316,315.5,319.5,320,320.5,321,321.5
1684285453275503535,318,317,316.5,316,315.5,319.5,320,320.5,321,321.5
1684285453971822751,318,317,316.5,316,315.5,319.5,320,320.5,321,321.5
1684285454393302446,318,317,316.5,316,315.5,319.5,320,320.5,321,321.5
1684285455071671658,318,317,316.5,316,315.5,319,319.5,320,320.5,321
1684285455094335163,318,317,316.5,316,315.5,319,319.5,320,320.5,321
1684285455094335163,318,317,316.5,316,315.5,319,319.5,320,320.5,321
1684285455094335163,318,317,316.5,316,315.5,319,319.5,320,320.5,321
1684285455116996614,318,317,316.5,316,315.5,319,319.5,320,320.5,321
1684285455904306341,318,317,316.5,316,315.5,319,319.5,320,320.5,321
1684285459121933462,318,317,316.5,316,315.5,319,319.5,320,320.5,321
1684285459156435766,318,317,316.5,316,315.5,319,319.5,320,320.5,321
1684285459345778712,318.5,318,317,316.5,316,319,319.5,320,320.5,321
1684285459376700263,318.5,318,317,316.5,316,319,319.5,320,320.5,321
1684285459376700263,318,317,316.5,316,315.5,319,319.5,320,320.5,321
1684285459407458026,318,317,316.5,316,315.5,319,319.5,320,320.5,321
1684285459418036248,318,317,316.5,316,315.5,319,319.5,320,320.5,321
1684285459440085099,318,317,316.5,316,315.5,319,319.5,320,320.5,321
1684285459959317973,318,317,316.5,316,315.5,319,319.5,320,320.5,321
1684285460591685538,318.5,318,317,316.5,316,319,319.5,320,320.5,321
1684285460625906765,318.5,318,317,316.5,316,319,319.5,320,320.5,321
1684285460625906765,318,317,316.5,316,315.5,319,319.5,320,320.5,321
1684285460658678670,318,317,316.5,316,315.5,319,319.5,320,320.5,321
1684285460658678670,318,317,316.5,316,315.5,319,319.5,320,320.5,321
1684285460658703246,318,317,316.5,316,315.5,319,319.5,320,320.5,321
1684285460669000491,318,317,316.5,316,315.5,319,319.5,320,320.5,321
1684285460691441949,318,317,316.5,316,315.5,319,319.5,320,320.5,321
1684285461307965615,318,317,316.5,316,315.5,319,319.5,320,320.5,321
1684285461874448980,318,317,316.5,316,315.5,319,319.5,320,320.5,321
1684285462435818323,318,317,316.5,316,315.5,319,319.5,320,320.5,321
1684285465175735566,318.5,318,317,316.5,316,319,319.5,320,320.5,321
1684285465210635537,318.5,318,317,316.5,316,319,319.5,320,320.5,321
1684285465210635537,318,317,316.5,316,315.5,319,319.5,320,320.5,321
1684285465245274348,318,317,316.5,316,315.5,319,319.5,320,320.5,321
1684285465245274348,318,317,316.5,316,315.5,319,319.5,320,320.5,321
1684285465278806761,318,317,316.5,316,315.5,319,319.5,320,320.5,321
1684285466037224799,318,317,316.5,316,315.5,319,319.5,320,320.5,321
1684285466322362377,318,317,316.5,316,315.5,319,319.5,320,320.5,321
1684285466890872037,318,317,316.5,316,315.5,319,319.5,320,320.5,321
1684285467865230171,318,317,316.5,316,315.5,319,319.5,320,320.5,321
1684285467904795953,318,317,316.5,316,315.5,319,319.5,320,320.5,321
1684285468642876323,318,317,316.5,316,315.5,319,319.5,320,320.5,321
1684285469581786748,318,317,316.5,316,315.5,319,319.5,320,320.5,321
1684285470007340974,318,317,316.5,316,315.5,319,319.5,320,320.5,321
1684285470073616648,318,317,316.5,316,315.5,319,319.5,320,320.5,321
1684285471329169938,318,317,316.5,316,315.5,318.5,319,319.5,320,320.5
1684285471365235247,318,317,316.5,316,315.5,318.5,319,319.5,320,320.5
1684285471393374995,318,317,316.5,316,315.5,318.5,319,319.5,320,320.5
1684285471414566205,318,317,316.5,316,315.5,318.5,319,319.5,320,320.5
1684285473172408674,318,317,316.5,316,315.5,318.5,319,319.5,320,320.5
1684285474224978575,318,317,316.5,316,315.5,318.5,319,319.5,320,320.5
1684285474487974477,318,317,316.5,316,315.5,318.5,319,319.5,320,320.5
1684285476580116504,318,317,316.5,316,315.5,318.5,319,319.5,320,320.5
1684285477318383895,318,317,316.5,316,315.5,318.5,319,319.5,320,320.5
1684285478343735569,318,317,316.5,316,315.5,319,319.5,320,320.5,321
1684285478366260805,318,317,316.5,316,315.5,319,319.5,320,320.5,321
1684285478366260805,318,317,316.5,316,315.5,319,319.5,320,320.5,321
1684285478398924256,318,317,316.5,316,315.5,319,319.5,320,320.5,321
1684285478398924256,318,317,316.5,316,315.5,319.5,320,320.5,321,321.5
1684285478420969310,318,317,316.5,316,315.5,319.5,320,320.5,321,321.5
1684285478433571002,318,317,316.5,316,315.5,319.5,320,320.5,321,321.5
1684285478458696640,318,317,316.5,316,315.5,319.5,320,320.5,321,321.5
1684285479230209245,318,317,316.5,316,315.5,319.5,320,320.5,321,321.5
1684285479784269052,318,317,316.5,316,315.5,319.5,320,320.5,321,321.5
1684285480793193942,318,317,316.5,316,315.5,319.5,320,320.5,321,321.5
1684285480827278723,318,317,316.5,316,315.5,319.5,320,320.5,321,321.5
1684285481432819505,318,317,316.5,316,315.5,319.5,320,320.5,321,321.5
1684285482405196730,318,317,316.5,316,315.5,319.5,320,320.5,321,321.5
1684285482480401821,318,317,316.5,316,315.5,318.5,319.5,320,320.5,321
1684285482502801761,318,317,316.5,316,315.5,318.5,319.5,320,320.5,321
1684285482532565789,318,317,316.5,316,315.5,318.5,319.5,320,320.5,321
1684285482826101104,318,317,316.5,316,315.5,318.5,319.5,320,320.5,321
1684285482845898758,318,317,316.5,316,315.5,318.5,319.5,320,320.5,321
1684285484036882326,318,317,316.5,316,315.5,318.5,319.5,320,320.5,321
1684285484591865217,318,317,316.5,316,315.5,318.5,319.5,320,320.5,321
1684285484612360280,318,317,316.5,316,315.5,318.5,319.5,320,320.5,321
1684285485528866677,318,317,316.5,316,315.5,318.5,319.5,320,320.5,321
1684285486023357714,318,317,316.5,316,315.5,318.5,319.5,320,320.5,321
1684285487787787461,318,317,316.5,316,315.5,318.5,319.5,320,320.5,321
1684285488512088147,318,317,316.5,316,315.5,318.5,319.5,320,320.5,321
1684285488881334674,318,317,316.5,316,315.5,318.5,319.5,320,320.5,321
1684285490858835501,318,317,316.5,316,315.5,318.5,319.5,320,320.5,321
1684285491484995099,318,317.5,317,316.5,316,318.5,319.5,320,320.5,321
1684285491546236801,318,317.5,317,316.5,316,318.5,319.5,320,320.5,321
1684285491568430304,318,317.5,317,316.5,316,318.5,319.5,320,320.5,321
1684285493127337485,318,317.5,317,316.5,316,318.5,319.5,320,320.5,321
1684285493522624508,318,317.5,317,316.5,316,318.5,319.5,320,320.5,321
1684285494291774336,318,317.5,317,316.5,316,318.5,319.5,320,320.5,321
1684285495993337840,318,317.5,317,316.5,316,318.5,319.5,320,320.5,321
1684285496375699664,318,317.5,317,316.5,316,318.5,319.5,320,320.5,321
1684285496505218849,317.5,317,316.5,316,315.5,318.5,319.5,320,320.5,321
1684285496537896828,317.5,317,316.5,316,315.5,318.5,319.5,320,320.5,321
1684285496537896828,317.5,317,316.5,316,315.5,318.5,319.5,320,320.5,321
1684285496566606696,317.5,317,316.5,316,315.5,318.5,319.5,320,320.5,321
1684285496597644906,317.5,317,316.5,316,315.5,318.5,319.5,320,320.5,321
1684285496608142167,317.5,317,316.5,316,315.5,318.5,319.5,320,320.5,321
1684285499015831680,317.5,317,316.5,316,315.5,318.5,319.5,320,320.5,321
1684285504572388362,317.5,317,316.5,316,315.5,318,318.5,319.5,320,320.5
1684285504607396606,317.5,317,316.5,316,315.5,318,318.5,319.5,320,320.5
1684285504607396606,317.5,317,316.5,316,315.5,318,318.5,319.5,320,320.5
1684285504632192685,317.5,317,316.5,316,315.5,318.5,319.5,320,320.5,321
1684285506041785611,317.5,317,316.5,316,315.5,318.5,319.5,320,320.5,321
1684285506054375040,317.5,317,316.5,316,315.5,319.5,320,320.5,321,321.5
1684285506086946168,318,317.5,317,316.5,316,319.5,320,320.5,321,321.5
1684285506121672624,318,317.5,317,316.5,316,319.5,320,320.5,321,321.5
1684285506157096017,318,317.5,317,316.5,316,319.5,320,320.5,321,321.5
1684285506715856031,317.5,317,316.5,316,315.5,318,319.5,320,320.5,321
1684285506746441681,317.5,317,316.5,316,315.5,318,319.5,320,320.5,321
1684285506746441681,317.5,317,316.5,316,315.5,319.5,320,320.5,321,321.5
1684285506746441681,317.5,317,316.5,316,315.5,319.5,320,320.5,321,321.5
1684285506746520328,318,317.5,317,316.5,316,319.5,320,320.5,321,321.5
1684285506780397920,318,317.5,317,316.5,316,319.5,320,320.5,321,321.5
1684285506780397920,318,317.5,317,316.5,316,319.5,320,320.5,321,321.5
1684285506780397920,318,317.5,317,316.5,316,319.5,320,320.5,321,321.5
1684285506780397920,318,317.5,317,316.5,316,319.5,320,320.5,321,321.5
1684285506812855745,318,317.5,317,316.5,316,319.5,320,320.5,321,321.5
1684285507973135230,318,317.5,317,316.5,316,319.5,320,320.5,321,321.5
1684285508635633751,318,317.5,317,316.5,316,319.5,320,320.5,321,321.5
1684285508677206000,318,317.5,317,316.5,316,319.5,320,320.5,321,321.5
1684285508677206000,318,317.5,317,316.5,316,319.5,320,320.5,321,321.5
1684285509878734307,318,317.5,317,316.5,316,319.5,320,320.5,321,321.5
1684285510645869452,318,317.5,317,316.5,316,319.5,320,320.5,321,321.5
1684285512404565372,318,317.5,317,316.5,316,319.5,320,320.5,321,321.5
1684285514458109653,317.5,317,316.5,316,315.5,319.5,320,320.5,321,321.5
1684285514491031199,317.5,317,316.5,316,315.5,319,319.5,320,320.5,321
1684285514491031199,317.5,317,316.5,316,315.5,319,319.5,320,320.5,321
1684285514491031199,317.5,317,316.5,316,315.5,319,319.5,320,320.5,321
1684285514491031199,317.5,317,316.5,316,315.5,319,319.5,320,320.5,321
1684285514504545254,317.5,317,316.5,316,315.5,319,319.5,320,320.5,321
1684285514514829755,317.5,317,316.5,316,315.5,319,319.5,320,320.5,321
1684285514514829755,317.5,317,316.5,316,315.5,319,319.5,320,320.5,321
1684285514514829755,317.5,317,316.5,316,315.5,319,319.5,320,320.5,321
1684285514514829755,317.5,317,316.5,316,315.5,319,319.5,320,320.5,321
1684285514524767285,317.5,317,316.5,316,315.5,319,319.5,320,320.5,321
1684285514524767285,317.5,317,316.5,316,315.5,319,319.5,320,320.5,321
1684285514555406275,317.5,317,316.5,316,315.5,319,319.5,320,320.5,321
1684285514555406275,317.5,317,316.5,316,315.5,319,319.5,320,320.5,321
1684285514555406275,317.5,317,316.5,316,315.5,319,319.5,320,320.5,321
1684285514639488274,317.5,317,316.5,316,315.5,319,319.5,320,320.5,321
1684285514672158669,317.5,317,316.5,316,315.5,319,319.5,320,320.5,321
1684285516230294541,317.5,317,316.5,316,315.5,318,319,319.5,320,320.5
1684285516263193475,317.5,317,316.5,316,315.5,318,319,319.5,320,320.5
1684285516263193475,317.5,317,316.5,316,315.5,319,319.5,320,320.5,321
1684285516263193475,317.5,317,316.5,316,315.5,319,319.5,320,320.5,321
1684285516263193475,317.5,317,316.5,316,315.5,319,319.5,320,320.5,321
1684285516364408925,317.5,317,316.5,316,315.5,319,319.5,320,320.5,321
1684285517754746936,317.5,317,316.5,316,315.5,319,319.5,320,320.5,321
1684285519704371739,317.5,317,316.5,316,315.5,319,319.5,320,320.5,321
1684285521395720021,317.5,317,316.5,316,315.5,319,319.5,320,320.5,321
1684285522125265355,317,316.5,316,315.5,315,319,319.5,320,320.5,321
1684285522159761908,317,316.5,316,315.5,315,319,319.5,320,320.5,321
1684285522160759231,317,316.5,316,315.5,315,319,319.5,320,320.5,321
1684285522160759231,317,316.5,316,315.5,315,318.5,319,319.5,320,320.5
1684285522161016424,317,316.5,316,315.5,315,318.5,319,319.5,320,320.5
1684285522169006757,317,316.5,316,315.5,315,318.5,319,319.5,320,320.5
1684285522192098486,317,316.5,316,315.5,315,318.5,319,319.5,320,320.5
1684285522192098486,317,316.5,316,315.5,315,318.5,319,319.5,320,320.5
1684285522192207170,317,316.5,316,315.5,315,318.5,319,319.5,320,320.5
1684285522192207170,317,316.5,316,315.5,315,318.5,319,319.5,320,320.5
1684285522192207170,317,316.5,316,315.5,315,318.5,319,319.5,320,320.5
1684285522712300519,317,316.5,316,315.5,315,318.5,319,319.5,320,320.5
1684285522722095932,317,316.5,316,315.5,315,318.5,319,319.5,320,320.5
1684285527804058746,317,316.5,316,315.5,315,318.5,319,319.5,320,320.5
1684285528425523989,317,316.5,316,315.5,315,318.5,319,319.5,320,320.5
1684285528736341515,317,316.5,316,315.5,315,318,318.5,319,319.5,320
1684285529760638057,317,316.5,316,315.5,315,318,318.5,319,319.5,320
1684285531702563974,317,316.5,316,315.5,315,318,318.5,319,319.5,320
1684285531735431188,317,316.5,316,315.5,315,318.5,319,319.5,320,320.5
1684285531766066481,317,316.5,316,315.5,315,318.5,319,319.5,320,320.5
1684285531766066481,317.5,317,316.5,316,315.5,318.5,319,319.5,320,320.5
1684285531778368260,317.5,317,316.5,316,315.5,318.5,319,319.5,320,320.5
1684285531789877891,317.5,317,316.5,316,315.5,318.5,319,319.5,320,320.5
1684285531789877891,317.5,317,316.5,316,315.5,318.5,319,319.5,320,320.5
1684285531789877891,317.5,317,316.5,316,315.5,318.5,319,319.5,320,320.5
1684285531789981316,317.5,317,316.5,316,315.5,318.5,319,319.5,320,320.5
1684285531810474655,317.5,317,316.5,316,315.5,318.5,319,319.5,320,320.5
1684285531810678929,317.5,317,316.5,316,315.5,319,319.5,320,320.5,321
1684285531830736441,317.5,317,316.5,316,315.5,319,319.5,320,320.5,321
1684285532766736359,317.5,317,316.5,316,315.5,319,319.5,320,320.5,321
1684285532788983983,317.5,317,316.5,316,315.5,319,319.5,320,320.5,321
1684285532834035225,317.5,317,316.5,316,315.5,319,319.5,320,320.5,321
1684285532834047809,317.5,317,316.5,316,315.5,319,319.5,320,320.5,321
1684285532865160779,318,317.5,317,316.5,316,319,319.5,320,320.5,321
1684285532895546123,318,317.5,317,316.5,316,319,319.5,320,320.5,321
1684285532895546123,318,317.5,317,316.5,316,319,319.5,320,320.5,321
1684285532905684770,318,317.5,317,316.5,316,319,319.5,320,320.5,321
1684285532928777882,318,317.5,317,316.5,316,319,319.5,320,320.5,321
1684285532928777882,318,317.5,317,316.5,316,319,319.5,320,320.5,321
1684285532958033094,318,317.5,317,316.5,316,319,319.5,320,320.5,321
1684285533876861470,318,317.5,317,316.5,316,319,319.5,320,320.5,321
1684285534778993345,318,317.5,317,316.5,316,319,319.5,320,320.5,321
1684285534778993345,318,317.5,317,316.5,316,319,319.5,320,320.5,321
1684285534823862966,318,317.5,317,316.5,316,319,319.5,320,320.5,321
1684285534823862966,318,317.5,317,316.5,316,319,319.5,320,320.5,321
1684285534877122961,318,317.5,317,316.5,316,319.5,320,320.5,321,321.5
1684285534909972903,318,317.5,317,316.5,316,319.5,320,320.5,321,321.5
1684285534965571720,318.5,318,317.5,317,316.5,319.5,320,320.5,321,321.5
1684285534997833267,318.5,318,317.5,317,316.5,319.5,320,320.5,321,321.5
1684285534997833267,318.5,318,317.5,317,316.5,319.5,320,320.5,321,321.5
1684285535032865336,318.5,318,317.5,317,316.5,319.5,320,320.5,321,321.5
1684285535426030484,318.5,318,317.5,317,316.5,319.5,320,320.5,321,321.5
1684285536796018855,318.5,318,317.5,317,316.5,319.5,320,320.5,321,321.5
1684285536806139699,318.5,318,317.5,317,316.5,319.5,320,320.5,321,321.5
1684285536838932303,318.5,318,317.5,317,316.5,319.5,320,320.5,321,321.5
1684285536838946209,318.5,318,317.5,317,316.5,319.5,320,320.5,321,321.5
1684285541404119846,318.5,318,317.5,317,316.5,319.5,320,320.5,321,321.5
1684285543505305251,318.5,318,317.5,317,316.5,319,319.5,320,320.5,321
1684285544697232770,318.5,318,317.5,317,316.5,319,319.5,320,320.5,321
1684285545863522800,318.5,318,317.5,317,316.5,319,319.5,320,320.5,321
1684285546985200021,318.5,318,317.5,317,316.5,319,319.5,320,320.5,321
1684285548006766406,318.5,318,317.5,317,316.5,319,319.5,320,320.5,321
1684285549881760636,318.5,318,317.5,317,316.5,319,319.5,320,320.5,321
1684285552878164084,318.5,318,317.5,317,316.5,319,319.5,320,320.5,321
1684285552931439999,318.5,318,317.5,317,316.5,319,319.5,320,320.5,321
1684285556000453685,318.5,318,317.5,317,316.5,319,319.5,320,320.5,321
1684285556749872554,318.5,318,317.5,317,316.5,319,319.5,320,320.5,321
1684285556782714521,318.5,318,317.5,317,316.5,319,319.5,320,320.5,321
1684285557256774043,318.5,318,317.5,317,316.5,319,319.5,320,320.5,321
1684285557289520290,318.5,318,317.5,317,316.5,319,319.5,320,320.5,321
1684285557323475948,318.5,318,317.5,317,316.5,319,319.5,320,320.5,321
1684285557537551363,318.5,318,317.5,317,316.5,319,319.5,320,320.5,321
1684285557570075292,318.5,318,317.5,317,316.5,319.5,320,320.5,321,321.5
1684285558910912105,318.5,318,317.5,317,316.5,319.5,320,320.5,321,321.5
1684285558999901448,318.5,318,317.5,317,316.5,319.5,320,320.5,321,321.5
1684285560004229055,319,318.5,318,317.5,317,319.5,320,320.5,321,321.5
1684285560024701505,319,318.5,318,317.5,317,319.5,320,320.5,321,321.5
1684285560354464585,319,318.5,318,317.5,317,319.5,320,320.5,321,321.5
1684285560364968638,319,318.5,318,317.5,317,319.5,320,320.5,321,321.5
1684285560922849690,319,318.5,318,317.5,317,319.5,320,320.5,321,321.5
1684285560922849690,319,318.5,318,317.5,317,319.5,320,320.5,321,321.5
1684285560922849690,319,318.5,318,317.5,317,319.5,320,320.5,321,321.5
1684285560933016139,319,318.5,318,317.5,317,319.5,320,320.5,321,321.5
1684285562939319365,319,318.5,318,317.5,317,319.5,320,320.5,321,321.5
1684285564960331900,319,318.5,318,317.5,317,319.5,320,320.5,321,321.5
1684285565941311556,319,318.5,318,317.5,317,319.5,320,320.5,321,321.5
1684285570007215713,319,318.5,318,317.5,317,319.5,320,320.5,321,321.5
1684285570110450244,319,318.5,318,317.5,317,319.5,320,320.5,321,321.5
1684285577964572321,319,318.5,318,317.5,317,319.5,320,320.5,321,321.5
1684285578141390118,319,318.5,318,317.5,317,319.5,320,320.5,321,321.5
1684285578170548608,319,318.5,318,317.5,317,320,320.5,321,321.5,322
1684285578170548608,319,318.5,318,317.5,317,320,320.5,321,321.5,322
1684285578336649513,319,318.5,318,317.5,317,320,320.5,321,321.5,322
1684285578745569103,319,318.5,318,317.5,317,320,320.5,321,321.5,322
1684285578745569103,319.5,319,318.5,318,317.5,320,320.5,321,321.5,322
1684285578764288842,319.5,319,318.5,318,317.5,320,320.5,321,321.5,322
1684285578764366007,319.5,319,318.5,318,317.5,320,320.5,321,321.5,322
1684285579262138975,319.5,319,318.5,318,317.5,320,320.5,321,321.5,322
1684285579298920670,319.5,319,318.5,318,317.5,320,320.5,321,321.5,322
1684285579664215166,319.5,319,318.5,318,317.5,320,320.5,321,321.5,322
1684285580656562596,319.5,319,318.5,318,317.5,320,320.5,321,321.5,322
1684285581060216219,319.5,319,318.5,318,317.5,320,320.5,321,321.5,322
1684285581060216219,319.5,319,318.5,318,317.5,320,320.5,321,321.5,322
1684285581060216219,319.5,319,318.5,318,317.5,320,320.5,321,321.5,322
1684285581060250423,319.5,319,318.5,318,317.5,320,320.5,321,321.5,322
1684285581597439251,319.5,319,318.5,318,317.5,320,320.5,321,321.5,322
1684285581630362781,319.5,319,318.5,318,317.5,320,320.5,321,321.5,322
1684285582695380694,319.5,319,318.5,318,317.5,320,320.5,321,321.5,322
1684285582728002888,319.5,319,318.5,318,317.5,320,320.5,321,321.5,322
1684285582873830756,319.5,319,318.5,318,317.5,320,320.5,321,321.5,322
1684285584556077927,319.5,319,318.5,318,317.5,320,320.5,321,321.5,322
1684285586098413209,319.5,319,318.5,318,317.5,320,320.5,321,321.5,322
1684285587562475919,319.5,319,318.5,318,317.5,320,320.5,321,321.5,322
1684285588386575514,319.5,319,318.5,318,317.5,320,320.5,321,321.5,322
1684285590044569907,319.5,319,318.5,318,317.5,320,320.5,321,321.5,322
1684285590056784121,319.5,319,318.5,318,317.5,320,320.5,321,321.5,322
1684285590067215187,319.5,319,318.5,318,317.5,320,320.5,321,321.5,322
1684285590079446093,319.5,319,318.5,318,317.5,320,320.5,321,321.5,322
1684285590384430967,319.5,319,318.5,318,317.5,320,320.5,321,321.5,322
1684285590427571220,319.5,319,318.5,318,317.5,320,320.5,321,321.5,322
1684285590836073988,319.5,319,318.5,318,317.5,320,320.5,321,321.5,322
1684285593368118626,319.5,319,318.5,318,317.5,320,320.5,321,321.5,322
1684285593389922006,319.5,319,318.5,318,317.5,320,320.5,321,321.5,322
1684285593400251501,319.5,319,318.5,318,317.5,320,320.5,321,321.5,322
1684285593410337860,319.5,319,318.5,318,317.5,320,320.5,321,321.5,322
1684285596079209957,319.5,319,318.5,318,317.5,320,320.5,321,321.5,322
1684285597590464688,319.5,319,318.5,318,317.5,320,320.5,321,321.5,322
1684285598056381351,319.5,319,318.5,318,317.5,320,320.5,321,321.5,322
1684285601049636554,319.5,319,318.5,318,317.5,320,320.5,321,321.5,322
1684285601072019733,319.5,319,318.5,318,317.5,320,320.5,321,321.5,322
1684285601094668410,319.5,319,318.5,318,317.5,320,320.5,321,321.5,322
1684285603110941334,319.5,319,318.5,318,317.5,320,320.5,321,321.5,322
1684285605062725288,319.5,319,318.5,318,317.5,320,320.5,321,321.5,322
1684285605983793479,319.5,319,318.5,318,317.5,320,320.5,321,321.5,322
1684285606676480172,319.5,319,318.5,318,317.5,320,320.5,321,321.5,322
1684285606876512128,319.5,319,318.5,318,317.5,320,320.5,321,321.5,322
1684285609122003060,319.5,319,318.5,318,317.5,320,320.5,321,321.5,322
1684285609353328455,319.5,319,318.5,318,317.5,320,320.5,321,321.5,322
1684285610538131805,319.5,319,318.5,318,317.5,320,320.5,321,321.5,322
1684285610808516180,319.5,319,318.5,318,317.5,320,320.5,321,321.5,322
1684285611149488337,319.5,319,318.5,318,317.5,320,320.5,321,321.5,322
1684285611459637617,319.5,319,318.5,318,317.5,320,320.5,321,321.5,322
1684285613002870293,319.5,319,318.5,318,317.5,320,320.5,321,321.5,322
1684285613141260065,319.5,319,318.5,318,317.5,320,320.5,321,321.5,322
1684285613433023262,319.5,319,318.5,318,317.5,320,320.5,321,321.5,322
1684285614271594921,319.5,319,318.5,318,317.5,320,320.5,321,321.5,322
1684285615012995022,319.5,319,318.5,318,317.5,320,320.5,321,321.5,322
1684285615332560945,319.5,319,318.5,318,317.5,320,320.5,321,321.5,322
1684285615994212784,319.5,319,318.5,318,317.5,320.5,321,321.5,322,322.5
1684285616016585022,319.5,319,318.5,318,317.5,320.5,321,321.5,322,322.5
1684285616016585022,319.5,319,318.5,318,317.5,320.5,321,321.5,322,322.5
1684285616016585022,319.5,319,318.5,318,317.5,320.5,321,321.5,322,322.5
1684285616049792165,319.5,319,318.5,318,317.5,320.5,321,321.5,322,322.5
1684285616230813124,320,319.5,319,318.5,318,320.5,321,321.5,322,322.5
1684285616265439662,320,319.5,319,318.5,318,320.5,321,321.5,322,322.5
1684285617757547782,320,319.5,319,318.5,318,320.5,321,321.5,322,322.5
1684285618081923666,320,319.5,319,318.5,318,320.5,321,321.5,322,322.5
1684285618104497352,320,319.5,319,318.5,318,320.5,321,321.5,322,322.5
1684285618139281104,319.5,319,318.5,318,317.5,320.5,321,321.5,322,322.5
1684285618172128341,319.5,319,318.5,318,317.5,320.5,321,321.5,322,322.5
1684285618184389403,320,319.5,319,318.5,318,320.5,321,321.5,322,322.5
1684285618184389403,320,319.5,319,318.5,318,320.5,321,321.5,322,322.5
1684285618184389403,320,319.5,319,318.5,318,320.5,321,321.5,322,322.5
1684285618196616883,320,319.5,319,318.5,318,320.5,321,321.5,322,322.5
1684285618206848985,320,319.5,319,318.5,318,320.5,321,321.5,322,322.5
1684285618217101907,320,319.5,319,318.5,318,320.5,321,321.5,322,322.5
1684285620193722426,320,319.5,319,318.5,318,320.5,321,321.5,322,322.5
1684285620193747182,320,319.5,319,318.5,318,320.5,321,321.5,322,322.5
1684285620193747182,319.5,319,318.5,318,317.5,320.5,321,321.5,322,322.5
1684285620236575210,319.5,319,318.5,318,317.5,320.5,321,321.5,322,322.5
1684285620261047951,319.5,319,318.5,318,317.5,320.5,321,321.5,322,322.5
1684285620441362755,319.5,319,318.5,318,317.5,320.5,321,321.5,322,322.5
1684285620551855735,319.5,319,318.5,318,317.5,320.5,321,321.5,322,322.5
1684285620577499686,319.5,319,318.5,318,317.5,320.5,321,321.5,322,322.5
1684285620577499686,319.5,319,318.5,318,317.5,320.5,321,321.5,322,322.5
1684285623199993738,319.5,319,318.5,318,317.5,320.5,321,321.5,322,322.5
1684285624377622126,319.5,319,318.5,318,317.5,320.5,321,321.5,322,322.5
1684285628552453689,319.5,319,318.5,318,317.5,320.5,321,321.5,322,322.5
1684285630218836161,319.5,319,318.5,318,317.5,320.5,321,321.5,322,322.5
1684285630253531117,319.5,319,318.5,318,317.5,320.5,321,321.5,322,322.5
1684285630253531117,319.5,319,318.5,318,317.5,320.5,321,321.5,322,322.5
1684285630285280031,319.5,319,318.5,318,317.5,320.5,321,321.5,322,322.5
1684285630285424031,319.5,319,318.5,318,317.5,320.5,321,321.5,322,322.5
1684285631309059069,319.5,319,318.5,318,317.5,320.5,321,321.5,322,322.5
1684285631638868455,319.5,319,318.5,318,317.5,320.5,321,321.5,322,322.5
1684285631638978772,319.5,319,318.5,318,317.5,320.5,321,321.5,322,322.5
1684285632877265277,319.5,319,318.5,318,317.5,320,320.5,321,321.5,322
1684285632919872930,319.5,319,318.5,318,317.5,320,320.5,321,321.5,322
1684285633231103090,319.5,319,318.5,318,317.5,320,320.5,321,321.5,322
1684285633243495049,319.5,319,318.5,318,317.5,320,320.5,321,321.5,322
1684285633276973560,319.5,319,318.5,318,317.5,320,320.5,321,321.5,322
1684285633914424058,319.5,319,318.5,318,317.5,320.5,321,321.5,322,322.5
1684285634229582955,319.5,319,318.5,318,317.5,320.5,321,321.5,322,322.5
1684285634340367152,319.5,319,318.5,318,317.5,320.5,321,321.5,322,322.5
1684285634383296910,319.5,319,318.5,318,317.5,320.5,321,321.5,322,322.5
1684285636152750826,319.5,319,318.5,318,317.5,320.5,321,321.5,322,322.5
1684285636272523080,319.5,319,318.5,318,317.5,320.5,321,321.5,322,322.5
1684285637804480754,319.5,319,318.5,318,317.5,320.5,321,321.5,322,322.5
1684285641443556730,319.5,319,318.5,318,317.5,320.5,321,321.5,322,322.5
1684285642965094889,319.5,319,318.5,318,317.5,320.5,321,321.5,322,322.5
1684285644879418764,319.5,319,318.5,318,317.5,320.5,321,321.5,322,322.5
1684285645487579565,319.5,319,318.5,318,317.5,320,320.5,321,321.5,322
1684285645905465811,319.5,319,318.5,318,317.5,320,320.5,321,321.5,322
1684285645913665377,319.5,319,318.5,318,317.5,320,320.5,321,321.5,322
1684285646552859648,319.5,319,318.5,318,317.5,320.5,321,321.5,322,322.5
1684285647100409751,319.5,319,318.5,318,317.5,320.5,321,321.5,322,322.5
1684285647236755074,319.5,319,318.5,318,317.5,320.5,321,321.5,322,322.5
1684285647268455868,319.5,319,318.5,318,317.5,320.5,321,321.5,322,322.5
1684285647369658083,319.5,319,318.5,318,317.5,320.5,321,321.5,322,322.5
1684285647412658945,319.5,319,318.5,318,317.5,320.5,321,321.5,322,322.5
1684285649100238457,319.5,319,318.5,318,317.5,320.5,321,321.5,322,322.5
1684285650308252910,319.5,319,318.5,318,317.5,320.5,321,321.5,322,322.5
1684285651562120179,319.5,319,318.5,318,317.5,320.5,321,321.5,322,322.5
1684285652309508123,319.5,319,318.5,318,317.5,320.5,321,321.5,322,322.5
1684285653320371179,319.5,319,318.5,318,317.5,320.5,321,321.5,322,322.5
1684285655667993830,319.5,319,318.5,318,317.5,320.5,321,321.5,322,322.5
1684285656788301627,319.5,319,318.5,318,317.5,320.5,321,321.5,322,322.5
1684285658304257435,319.5,319,318.5,318,317.5,320.5,321,321.5,322,322.5
1684285658334900773,319.5,319,318.5,318,317.5,320.5,321,321.5,322,322.5
1684285658334900773,319.5,319,318.5,318,317.5,320.5,321,321.5,322,322.5
1684285661224582626,319.5,319,318.5,318,317.5,320.5,321,321.5,322,322.5
1684285662197399794,319.5,319,318.5,318,317.5,320.5,321,321.5,322,322.5
1684285662477965806,319.5,319,318.5,318,317.5,320.5,321,321.5,322,322.5
1684285664786474803,319.5,319,318.5,318,317.5,320.5,321,321.5,322,322.5
1684285666322242300,319.5,319,318.5,318,317.5,320.5,321,321.5,322,322.5
1684285667129030199,319.5,319,318.5,318,317.5,320.5,321,321.5,322,322.5
1684285667269522097,319.5,319,318.5,318,317.5,320.5,321,321.5,322,322.5
1684285669977244809,319.5,319,318.5,318,317.5,320.5,321,321.5,322,322.5
1684285670007596560,320,319.5,319,318.5,318,320.5,321,321.5,322,322.5
1684285670041911342,320,319.5,319,318.5,318,320.5,321,321.5,322,322.5
1684285670041911342,320,319.5,319,318.5,318,320.5,321,321.5,322,322.5
1684285670498147266,320,319.5,319,318.5,318,320.5,321,321.5,322,322.5
1684285670498147266,320,319.5,319,318.5,318,320.5,321,321.5,322,322.5
1684285670755018037,320,319.5,319,318.5,318,320.5,321,321.5,322,322.5
1684285671426768177,320,319.5,319,318.5,318,320.5,321,321.5,322,322.5
1684285671426768177,320,319.5,319,318.5,318,320.5,321,321.5,322,322.5
1684285671939029910,320,319.5,319,318.5,318,320.5,321,321.5,322,322.5
1684285672524972311,320,319.5,319,318.5,318,320.5,321,321.5,322,322.5
1684285672547160293,320,319.5,319,318.5,318,320.5,321,321.5,322,322.5
