Timestamp,BidPrice0,BidPrice1,BidPrice2,BidPrice3,BidPrice4,AskPrice0,AskPrice1,AskPrice2,AskPrice3,AskPrice4
1684881001879374732,0,0,0,0,0,0,0,0,0,0
1684888221878587480,317.5,316.5,315,314,313,326.5,327,329,329.5,330.5
1684888226917192126,319,317.5,316.5,315,314,325,326.5,327,329,329.5
1684888231934837528,319,317.5,316.5,315,314,325,325.5,326,326.5,327
1684888236946033731,319,317.5,316.5,315,314,325,325.5,326,326.5,327
1684888241959672401,319,317.5,316.5,315,314,325,325.5,326,326.5,327
1684888246981339295,319,317.5,316.5,316,315,325,325.5,326,326.5,327
1684888251998957707,319,317.5,317,316.5,316,325,325.5,326,326.5,327
1684888257012418964,319,317.5,317,316.5,316,325,325.5,326,326.5,327
1684888262032145786,319,317.5,317,316.5,316,325,325.5,326,326.5,327
1684888267035507500,320.5,319,317.5,317,316.5,325,325.5,326,326.5,327
1684888272064228811,320.5,319,317.5,317,316.5,322,325,325.5,326,326.5
1684888277077999681,320.5,319,317.5,317,316.5,322,322.5,325,325.5,326
1684888287110050216,320.5,319,317.5,317,316.5,322,322.5,324.5,325,325.5
1684888292121564499,319,317.5,317,316.5,316,320.5,322,322.5,324.5,325
1684888297141322241,319,317.5,317,316.5,316,320.5,322,322.5,324.5,325
1684888307162351935,319,317.5,317,316.5,316,320.5,322,322.5,324.5,325
1684888312184101898,319,317.5,317,316.5,316,320.5,322,322.5,324.5,325
1684888322225784063,319,317.5,317,316.5,316,320.5,322,322.5,323.5,324
1684888347313565354,320.5,319,317.5,317,316.5,322,322.5,323.5,324,324.5
1684888367377211216,320.5,319,317.5,317,316.5,322,322.5,323.5,324,324.5
1684888372386497459,320.5,319,318,317.5,317,322,322.5,323.5,324,324.5
1684888447649291867,320.5,319,318,317.5,317,322,322.5,323.5,324,324.5
1684888527913306072,320.5,319,318,317.5,317,322,322.5,323.5,324,324.5
1684888532922841078,320.5,319,318,317.5,317,322,322.5,323.5,324,324.5
1684888573066016635,320.5,319,318,317.5,317,322,322.5,323.5,324,324.5
1684888578069265639,320.5,319,318,317.5,317,322,322.5,323.5,324,324.5
1684888583097356173,320.5,319,318,317.5,317,322,322.5,323.5,324,324.5
1684888673365870809,320.5,319,318,317.5,317,322,322.5,323.5,324,324.5
1684888778709881012,320.5,319,318,317.5,317,322,322.5,323.5,324,324.5
1684888788755650113,320.5,319,318,317.5,317,322,322.5,323.5,324,324.5
1684888829881752831,320.5,319,318,317.5,317,322,322.5,323.5,324,324.5
1684889080690799948,320.5,319,318,317.5,317,322,322.5,323.5,324,324.5
1684889140881157469,319,318,317.5,317,316.5,322,322.5,323.5,324,324.5
1684889155922707588,319,318,317.5,317,316.5,322,322.5,323.5,324,324.5
1684889281337610912,319,318,317.5,317,316.5,322,322.5,323.5,324,324.5
1684889316448803857,319,318,317.5,317,316.5,322,322.5,323.5,324,324.5
1684889406936566603,319,318,317.5,317,316.5,322,322.5,323.5,324,324.5
1684889417385639184,319,318,317.5,317,316.5,320.5,322,322.5,323.5,324
1684889437640492842,319,318,317.5,317,316.5,320.5,322,322.5,323.5,324
1684889447663582222,319,318,317.5,317,316.5,320.5,322,322.5,323.5,324
1684889457709597037,319,318,317.5,317,316.5,320.5,322,322.5,323.5,324
1684889467732174849,319,318,317.5,317,316.5,320.5,322,322.5,323.5,324
1684889497831980291,319,318,317.5,317,316.5,320.5,322,322.5,323.5,324
1684889558043781602,319,318,317.5,317,316.5,320.5,322,322.5,323.5,324
1684889583125971578,319,318,317.5,317,316.5,320.5,322,322.5,323.5,324
1684889618222902923,319,318,317.5,317,316.5,320.5,322,322.5,323.5,324
1684889623236437907,319,318,317.5,317,316.5,320.5,322,322.5,323.5,324
1684889628256325719,319,318,317.5,317,316.5,320.5,322,322.5,323.5,324
1684889653338403720,319,318,317.5,317,316.5,320.5,322,322.5,323.5,324
1684889658364211359,319,318,317.5,317,316.5,320.5,322,322.5,323.5,324
1684889708518230495,319,318,317.5,317,316.5,320,320.5,321,322,322.5
1684889723554765806,319,318,317.5,317,316.5,320,320.5,321,322,322.5
1684889733606454331,319,318,317.5,317,316.5,320,320.5,321,322,322.5
1684889748645063240,319,318,317.5,317,316.5,320,320.5,321,322,322.5
1684889758676249685,319,318,317.5,317,316.5,320,320.5,321,322,322.5
1684889778744819644,319,318,317.5,317,316.5,320,320.5,321,322,322.5
1684889798815443686,319,318,317.5,317,316.5,320,320.5,321,322,322.5
1684889823879234908,319,318,317.5,317,316.5,320,320.5,321,322,322.5
1684889869029839563,319,318,317.5,317,316.5,320,320.5,321,322,322.5
1684889889082115458,319,318,317.5,317,316.5,320,320.5,321,322,322.5
1684889894109936473,319,318,317.5,317,316.5,320,320.5,321,322,322.5
1684889899129706451,319,318,317.5,317,316.5,320,320.5,321,322,322.5
1684889919183988180,319,318,317.5,317,316.5,320.5,321,322,322.5,323.5
1684889934239011473,319,318,317.5,317,316.5,320,320.5,321,322,322.5
1684889939252449416,319.5,319,318,317.5,317,320,320.5,321,322,322.5
1684889959314899030,319.5,319,318,317.5,317,320,320.5,321,322,322.5
1684889969358672395,319.5,319,318,317.5,317,320,320.5,321,322,322.5
1684889984389992754,319.5,319,318,317.5,317,320,320.5,321,322,322.5
1684890001853794288,319.5,319,318,317.5,317,320,320.5,321,322,322.5
1684890001941395515,319.5,319,318,317.5,317,320,320.5,321,322,322.5
1684890001941395515,319.5,319,318,317.5,317,320,320.5,321,322,322.5
1684890004054802586,319.5,319,318,317.5,317,320,320.5,322,322.5,323.5
1684890004073274588,319.5,319,318,317.5,317,320,320.5,322,322.5,323.5
1684890004104333514,319,318,317.5,317,316.5,320,320.5,322,322.5,323.5
1684890005059518081,319,318,317.5,317,316.5,320,320.5,322,322.5,323.5
1684890006332446192,319,318,317.5,317,316.5,320,320.5,322,322.5,323.5
1684890008506419710,319,318,317.5,317,316.5,320,320.5,321.5,322,322.5
1684890009365871473,319,318,317.5,317,316.5,320,320.5,321.5,322,322.5
1684890010125823330,319,318,317.5,317,316.5,320,320.5,321.5,322,322.5
1684890011103822814,319,318,317.5,317,316.5,319.5,320,320.5,321.5,322
1684890011787355037,319,318,317.5,317,316.5,320,320.5,321.5,322,322.5
1684890013070364496,319.5,319,318,317.5,317,320,320.5,321.5,322,322.5
1684890015676397132,319.5,319,318,317.5,317,320,320.5,321.5,322,322.5
1684890018113377392,319.5,319,318,317.5,317,320,320.5,321.5,322,322.5
1684890027876138466,319.5,319,318,317.5,317,320,320.5,321.5,322,322.5
1684890033928204413,319.5,319,318,317.5,317,320.5,321.5,322,322.5,323
1684890033958425645,319.5,319,318,317.5,317,320.5,321.5,322,322.5,323
1684890033970540471,320,319.5,319,318,317.5,320.5,321.5,322,322.5,323
1684890035991944322,319.5,319,318,317.5,317,320.5,321.5,322,322.5,323
1684890036551812218,319.5,319,318,317.5,317,320.5,321.5,322,322.5,323
1684890043393685768,319.5,319,318,317.5,317,320,320.5,321.5,322,322.5
1684890043429555596,319.5,319,318,317.5,317,320,320.5,321.5,322,322.5
1684890043429555596,319.5,319,318,317.5,317,320,320.5,321.5,322,322.5
1684890043429555596,319.5,319,318,317.5,317,320.5,321.5,322,322.5,323
1684890043462164831,319.5,319,318,317.5,317,320.5,321.5,322,322.5,323
1684890043494878283,319.5,319,318,317.5,317,320.5,321.5,322,322.5,323
1684890044486151369,319.5,319,318,317.5,317,320.5,321.5,322,322.5,323
1684890044800508504,320,319.5,319,318,317.5,320.5,321.5,322,322.5,323
1684890044822994353,320,319.5,319,318,317.5,320.5,321.5,322,322.5,323
1684890044822994353,320,319.5,319,318,317.5,320.5,321.5,322,322.5,323
1684890044835172508,320,319.5,319,318,317.5,320.5,321.5,322,322.5,323
1684890044857689425,320,319.5,319,318,317.5,320.5,321.5,322,322.5,323
1684890044868547331,320,319.5,319,318,317.5,321.5,322,322.5,323,323.5
1684890044902783271,320,319.5,319,318,317.5,321.5,322,322.5,323,323.5
1684890044902783271,320.5,320,319.5,319,318,321.5,322,322.5,323,323.5
1684890044913129477,320.5,320,319.5,319,318,321.5,322,322.5,323,323.5
1684890044925301491,320.5,320,319.5,319,318,321.5,322,322.5,323,323.5
1684890044925301491,320.5,320,319.5,319,318,321.5,322,322.5,323,323.5
1684890044935741893,320.5,320,319.5,319,318,321.5,322,322.5,323,323.5
1684890048699974743,320.5,320,319.5,319,318,321.5,322,322.5,323,323.5
1684890049748582849,0,0,0,0,0,0,0,0,0,0
1684890049748582849,320,319.5,319,318,317.5,321.5,322,322.5,323,323.5
1684890049768874669,320,319.5,319,318,317.5,321.5,322,322.5,323,323.5
1684890049780228376,320,319.5,319,318,317.5,321.5,322,322.5,323,323.5
1684890049791140805,320,319.5,319,318,317.5,321.5,322,322.5,323,323.5
1684890050050836249,320,319.5,319,318,317.5,321.5,322,322.5,323,323.5
1684890050518675296,320,319.5,319,318,317.5,321.5,322,322.5,323,323.5
1684890053330749258,320.5,320,319.5,319,318,321.5,322,322.5,323,323.5
1684890053350955377,320.5,320,319.5,319,318,321.5,322,322.5,323,323.5
1684890053361395749,320.5,320,319.5,319,318,321.5,322,322.5,323,323.5
1684890053681249254,320.5,320,319.5,319,318,321,321.5,322,322.5,323
1684890053710153203,320.5,320,319.5,319,318,321,321.5,322,322.5,323
1684890053741045074,320.5,320,319.5,319,318.5,321,321.5,322,322.5,323
1684890055711268490,320.5,319.5,319,318.5,318,321,321.5,322,322.5,323
1684890055747408395,320.5,319.5,319,318.5,318,321.5,322,322.5,323,323.5
1684890055779942590,320.5,319.5,319,318,317.5,321.5,322,322.5,323,323.5
1684890055813921828,320.5,319.5,319,318,317.5,321.5,322,322.5,323,323.5
1684890058129812597,320.5,319.5,319,318,317.5,321.5,322,322.5,323,323.5
1684890060220094340,320.5,319.5,319,318,317.5,321.5,322,322.5,323,323.5
1684890060867176707,321,320.5,319.5,319,318,321.5,322,322.5,323,323.5
1684890060900518008,321,320.5,319.5,319,318,321.5,322,322.5,323,323.5
1684890060933377583,321,320.5,319.5,319,318,321.5,322,322.5,323,323.5
1684890061045394592,321,320.5,319.5,319,318,322,322.5,323,323.5,324
1684890061081014731,321,320.5,319.5,319,318,322,322.5,323,323.5,324
1684890061113005787,321,320.5,319.5,319,318,322,322.5,323,323.5,324
1684890061113196485,321,320.5,319.5,319,318,322,322.5,323,323.5,324
1684890061203379379,321,320.5,319.5,319,318,322,322.5,323,323.5,324
1684890061972137159,321,320.5,319.5,319,318,322,322.5,323,323.5,324
1684890061972137159,321,320.5,319.5,319,318,322,322.5,323,323.5,324
1684890061972247025,321,320.5,319.5,319,318,322,322.5,323,323.5,324
1684890061984926953,321,320.5,319.5,319,318,322,322.5,323,323.5,324
1684890063759463094,321,320.5,319.5,319,318,322,322.5,323,323.5,324
1684890064230498903,320.5,319.5,319,318,317.5,322,322.5,323,323.5,324
1684890064263726750,320.5,319.5,319,318,317.5,322,322.5,323,323.5,324
1684890064263836957,320.5,319.5,319,318,317.5,322,322.5,323,323.5,324
1684890064263836957,320.5,319.5,319,318,317.5,322,322.5,323,323.5,324
1684890064274197059,320.5,319.5,319,318,317.5,322,322.5,323,323.5,324
1684890064274197059,320.5,319.5,319,318,317.5,322,322.5,323,323.5,324
1684890064284468905,320.5,319.5,319,318,317.5,322,322.5,323,323.5,324
1684890064284521614,320.5,319.5,319,318,317.5,322,322.5,323,323.5,324
1684890064296559205,320.5,319.5,319,318,317.5,322,322.5,323,323.5,324
1684890064306781919,320.5,319.5,319,318,317.5,322,322.5,323,323.5,324
1684890064306781919,320.5,319.5,319,318,317.5,322,322.5,323,323.5,324
1684890064306914458,320.5,319.5,319,318,317.5,322,322.5,323,323.5,324
1684890064307058088,320.5,319.5,319,318,317.5,322,322.5,323,323.5,324
1684890064321907568,320.5,319.5,319,318,317.5,322,322.5,323,323.5,324
1684890064339806685,320.5,319.5,319,318,317.5,322,322.5,323,323.5,324
1684890064827016702,320.5,320,319.5,319,318,322,322.5,323,323.5,324
1684890064936779939,320.5,320,319.5,319,318,322,322.5,323,323.5,324
1684890065266236605,320.5,320,319.5,319,318,322,322.5,323,323.5,324
1684890066037479221,320.5,320,319.5,319,318,322,322.5,323,323.5,324
1684890066071777949,321,320.5,320,319.5,319,322,322.5,323,323.5,324
1684890066104035975,321,320.5,320,319.5,319,322,322.5,323,323.5,324
1684890066136750268,321,320.5,320,319.5,319,322,322.5,323,323.5,324
1684890066620090099,321,320.5,320,319.5,319,322,322.5,323,323.5,324
1684890067864349443,321,320.5,320,319.5,319,322,322.5,323,323.5,324
1684890070387522577,321,320.5,320,319.5,319,322,322.5,323,323.5,324
1684890073427589671,321,320.5,320,319.5,319,322,322.5,323,323.5,324
1684890073439353288,321.5,321,320.5,320,319.5,322,322.5,323,323.5,324
1684890073439407199,321.5,321,320.5,320,319.5,322.5,323,323.5,324,324.5
1684890073472182157,321.5,321,320.5,320,319.5,322.5,323,323.5,324,324.5
1684890073472182157,321.5,321,320.5,320,319.5,322.5,323,323.5,324,324.5
1684890073472182157,321.5,321,320.5,320,319.5,322.5,323,323.5,324,324.5
1684890073472293736,321.5,321,320.5,320,319.5,322.5,323,323.5,324,324.5
1684890073472293736,321.5,320.5,320,319.5,319,322.5,323,323.5,324,324.5
1684890073472293736,321.5,320,319.5,319,318,322.5,323,323.5,324,324.5
1684890073472293736,321.5,320,319.5,319,318,322.5,323,323.5,324,324.5
1684890073472320196,321.5,320,319.5,319,318,322.5,323,323.5,324,324.5
1684890073481997004,321.5,320,319.5,319,318,322.5,323,323.5,324,324.5
1684890073503773211,321.5,320,319.5,319,318,322.5,323,323.5,324,324.5
1684890073503773211,321.5,320,319.5,319,318,322.5,323,323.5,324,324.5
1684890073503773211,321.5,320,319.5,319,318,322.5,323,323.5,324,324.5
1684890073503910488,321.5,320,319.5,319,318,322.5,323,323.5,324,324.5
1684890073503910488,321.5,320,319.5,319,318,322.5,323,323.5,324,324.5
1684890073513832698,321.5,320,319.5,319,318,322.5,323,323.5,324,324.5
1684890073534239924,321.5,320,319.5,319,318,322.5,323,323.5,324,324.5
1684890073546511294,321.5,320,319.5,319,318,322.5,323,323.5,324,324.5
1684890073568124194,321.5,320,319.5,319,318,322.5,323,323.5,324,324.5
1684890074484185145,321.5,320,319.5,319,318,322.5,323,323.5,324,324.5
1684890074484237413,321.5,320,319.5,319,318,322.5,323,323.5,324,324.5
1684890074504975761,321.5,320,319.5,319,318,322.5,323,323.5,324,324.5
1684890074505156360,321.5,320,319.5,319,318,322.5,323,323.5,324,324.5
1684890074505289279,321.5,320,319.5,319,318,322.5,323,323.5,324,324.5
1684890074517859641,321.5,320,319.5,319,318,322.5,323,323.5,324,324.5
1684890074527407958,321.5,320,319.5,319,318,322.5,323,323.5,324,324.5
1684890074527545757,321.5,320,319.5,319,318,322.5,323,323.5,324,324.5
1684890074537675827,321.5,320,319.5,319,318,322.5,323,323.5,324,324.5
1684890074538175325,321.5,320,319.5,319,318,322.5,323,323.5,324,324.5
1684890074694474306,321.5,320,319.5,319,318,322.5,323,323.5,324,324.5
1684890075486894895,321.5,320,319.5,319,318,322.5,323,323.5,324,324.5
1684890075497228607,321.5,320,319.5,319,318,322.5,323,323.5,324,324.5
1684890075517740389,321.5,320,319.5,319,318,322.5,323,323.5,324,324.5
1684890075532193486,321.5,320,319.5,319,318,322.5,323,323.5,324,324.5
1684890075540263077,321.5,320,319.5,319,318,322.5,323,323.5,324,324.5
1684890075550727034,321.5,320,319.5,319,318,322.5,323,323.5,324,324.5
1684890075550869431,321.5,320,319.5,319,318,322.5,323,323.5,324,324.5
1684890075560900104,321.5,320,319.5,319,318,322.5,323,323.5,324,324.5
1684890076265173401,321.5,320,319.5,319,318,322.5,323,323.5,324,324.5
1684890076472050796,321.5,320,319.5,319,318,322.5,323,323.5,324,324.5
1684890076580703047,321.5,320,319.5,319,318,322.5,323,323.5,324,324.5
1684890076952409119,321.5,320,319.5,319,318,322.5,323,323.5,324,324.5
1684890077422526974,321.5,320,319.5,319,318,322.5,323,323.5,324,324.5
1684890077453335008,322,321.5,320,319.5,319,322.5,323,323.5,324,324.5
1684890077487872064,322,321.5,320,319.5,319,322.5,323,323.5,324,324.5
1684890077488064154,321.5,320,319.5,319,318,322.5,323,323.5,324,324.5
1684890077521413370,321.5,320,319.5,319,318,322.5,323,323.5,324,324.5
1684890077521413370,321.5,320,319.5,319,318,322.5,323,323.5,324,324.5
1684890077553606544,321.5,320,319.5,319,318,322.5,323,323.5,324,324.5
1684890078347238518,321.5,320,319.5,319,318,322.5,323,323.5,324,324.5
1684890079037092371,321.5,321,320,319.5,319,322.5,323,323.5,324,324.5
1684890080080676104,322,321.5,321,320,319.5,322.5,323,323.5,324,324.5
1684890080121666346,322,321.5,321,320,319.5,322.5,323,323.5,324,324.5
1684890080156482215,322,321.5,321,320,319.5,322.5,323,323.5,324,324.5
1684890081217128524,322,321.5,321,320,319.5,323,323.5,324,324.5,325
1684890081247533011,322,321.5,321,320,319.5,323,323.5,324,324.5,325
1684890081247640433,322,321.5,321,320,319.5,323,323.5,324,324.5,325
1684890081278961119,322,321.5,321,320.5,320,323,323.5,324,324.5,325
1684890082482087894,322,321.5,321,320.5,320,323,323.5,324,324.5,325
1684890082492154375,322.5,322,321.5,321,320.5,323,323.5,324,324.5,325
1684890082513423078,322.5,322,321.5,321,320.5,323,323.5,324,324.5,325
1684890082537326919,322.5,322,321.5,321,320.5,323,323.5,324,324.5,325
1684890082687786035,322.5,322,321.5,321,320.5,323,323.5,324,324.5,325
1684890082778076101,322.5,322,321.5,321,320.5,323,323.5,324,324.5,325
1684890083253512191,322.5,322,321.5,321,320.5,323,323.5,324,324.5,325
1684890084450320744,322.5,322,321.5,321,320.5,323,323.5,324,324.5,325
1684890084482281713,322.5,322,321.5,321,320.5,323,323.5,324,324.5,325
1684890087670616650,322.5,322,321.5,321,320.5,323,323.5,324,324.5,325
1684890089660781017,322.5,322,321.5,321,320.5,323,323.5,324,324.5,325
1684890089764759544,322.5,322,321.5,321,320.5,323,323.5,324,324.5,325
1684890091996153084,322.5,322,321.5,321,320.5,323,323.5,324,324.5,325
1684890092421268435,322.5,322,321.5,321,320.5,323,323.5,324,324.5,325
1684890094964227889,322.5,322,321.5,321,320.5,323,323.5,324,324.5,325
1684890094996367333,322.5,322,321.5,321,320.5,323,323.5,324,324.5,325
1684890095007031205,322.5,322,321.5,321,320.5,323,323.5,324,324.5,325
1684890095029344470,322.5,322,321.5,321,320.5,323,323.5,324,324.5,325
1684890095132224433,322.5,322,321.5,321,320.5,323,323.5,324,324.5,325
1684890097017712845,322.5,322,321.5,321,320.5,323,323.5,324,324.5,325
1684890098984905703,322.5,322,321.5,321,320.5,323,323.5,324,324.5,325
1684890099696596216,322.5,322,321.5,321,320.5,323,323.5,324,324.5,325
1684890099696596216,322.5,322,321.5,321,320.5,323,323.5,324,324.5,325
1684890099717087520,322.5,322,321.5,321,320.5,323,323.5,324,324.5,325
1684890101073958470,322.5,322,321.5,321,320.5,323,323.5,324,324.5,325
1684890101673751218,322.5,322,321.5,321,320.5,323,323.5,324,324.5,325
1684890106171843657,322.5,322,321.5,321,320.5,323,323.5,324,324.5,325
1684890106228903771,322.5,322,321.5,321,320.5,323,323.5,324,324.5,325
1684890106251283741,322.5,322,321.5,321,320.5,323,323.5,324,324.5,325
1684890106849393920,322.5,322,321.5,321,320.5,323,323.5,324,324.5,325
1684890107698399431,322.5,322,321.5,321,320.5,323,323.5,324,324.5,325
1684890108979283401,322.5,322,321.5,321,320.5,323,323.5,324,324.5,325
1684890110185684224,322.5,322,321.5,321,320.5,323,323.5,324,324.5,325
1684890110711890790,322.5,322,321.5,321,320.5,323,323.5,324,324.5,325
1684890110744701374,322.5,322,321.5,321,320.5,323,323.5,324,324.5,325
1684890111665332206,322.5,322,321.5,321,320.5,323,323.5,324,324.5,325
1684890113949923158,322.5,322,321.5,321,320.5,323,323.5,324,324.5,325
1684890113982585644,322.5,322,321.5,321,320.5,323,323.5,324,324.5,325
1684890117805331779,322.5,322,321.5,321,320.5,323,323.5,324,324.5,325
1684890119340208406,322.5,322,321.5,321,320.5,323,323.5,324,324.5,325
1684890119885004184,322.5,322,321.5,321,320.5,323,323.5,324,324.5,325
1684890120324439031,322.5,322,321.5,321,320.5,323,323.5,324,324.5,325
1684890122517956387,322.5,322,321.5,321,320.5,323,323.5,324,324.5,325
1684890122660172737,322.5,322,321.5,321,320.5,323,323.5,324,324.5,325
1684890123481270409,322.5,322,321.5,321,320.5,323,323.5,324,324.5,325
1684890123503845075,322.5,322,321.5,321,320.5,323,323.5,324,324.5,325
1684890124663154140,322.5,322,321.5,321,320.5,323,323.5,324,324.5,325
1684890125402472927,322.5,322,321.5,321,320.5,323,323.5,324,324.5,325
1684890126562637670,322.5,322,321.5,321,320.5,323,323.5,324,324.5,325
1684890127678723681,322.5,322,321.5,321,320.5,323,323.5,324,324.5,325
1684890127701294950,322.5,322,321.5,321,320.5,323,323.5,324,324.5,325
1684890127712159439,322.5,322,321.5,321,320.5,323,323.5,324,324.5,325
1684890127734032126,322.5,322,321.5,321,320.5,323,323.5,324,324.5,325
1684890127764782632,322.5,322,321.5,321,320.5,323,323.5,324,324.5,325
1684890129434785978,322.5,322,321.5,321,320.5,323.5,324,324.5,325,325.5
1684890129467953823,322.5,322,321.5,321,320.5,323.5,324,324.5,325,325.5
1684890129499588439,322.5,322,321.5,321,320.5,323.5,324,324.5,325,325.5
1684890129568311521,323,322.5,322,321.5,321,323.5,324,324.5,325,325.5
1684890129600936616,323,322.5,322,321.5,321,323.5,324,324.5,325,325.5
1684890129633482443,323,322.5,322,321.5,321,323.5,324,324.5,325,325.5
1684890129834520535,323,322.5,322,321.5,321,323.5,324,324.5,325,325.5
1684890130430376241,323,322.5,322,321.5,321,323.5,324,324.5,325,325.5
1684890130619226500,323,322.5,322,321.5,321,323.5,324,324.5,325,325.5
1684890131075621610,323,322.5,322,321.5,321,323.5,324,324.5,325,325.5
1684890131331558498,323,322.5,322,321.5,321,323.5,324,324.5,325,325.5
1684890131876170340,323,322.5,322,321.5,321,323.5,324,324.5,325,325.5
1684890131908273647,323,322.5,322,321.5,321,323.5,324,324.5,325,325.5
1684890132302537882,323,322.5,322,321.5,321,323.5,324,324.5,325,325.5
1684890133339310668,323,322.5,322,321.5,321,323.5,324,324.5,325,325.5
1684890133458328522,323,322.5,322,321.5,321,323.5,324,324.5,325,325.5
1684890133536456783,323,322.5,322,321.5,321,324,324.5,325,325.5,326
1684890133565838919,323,322.5,322,321.5,321,324,324.5,325,325.5,326
1684890133588373520,323,322.5,322,321.5,321,324,324.5,325,325.5,326
1684890133600876074,323,322.5,322,321.5,321,324,324.5,325,325.5,326
1684890133610837237,323.5,323,322.5,322,321.5,324,324.5,325,325.5,326
1684890133643712953,323.5,323,322.5,322,321.5,324,324.5,325,325.5,326
1684890133684605772,323.5,323,322.5,322,321.5,324,324.5,325,325.5,326
1684890133917006479,323.5,323,322.5,322,321.5,324,324.5,325,325.5,326
1684890133952295225,323.5,323,322.5,322,321.5,324,324.5,325,325.5,326
1684890134241369781,323.5,323,322.5,322,321.5,324,324.5,325,325.5,326
1684890135044460234,323.5,323,322.5,322,321.5,324,324.5,325,325.5,326
1684890136611428225,323.5,323,322.5,322,321.5,324,324.5,325,325.5,326
1684890136644528653,323.5,323,322.5,322,321.5,324,324.5,325,325.5,326
1684890136743437861,323.5,323,322.5,322,321.5,324,324.5,325,325.5,326
1684890136959369045,323.5,323,322.5,322,321.5,324,324.5,325,325.5,326
1684890137127726086,323.5,323,322.5,322,321.5,324,324.5,325,325.5,326
1684890137982905830,323.5,323,322.5,322,321.5,324,324.5,325,325.5,326
1684890138101066284,323.5,323,322.5,322,321.5,324,324.5,325,325.5,326
1684890138193379147,323.5,323,322.5,322,321.5,324,324.5,325,325.5,326
1684890139247057224,323.5,323,322.5,322,321.5,324,324.5,325,325.5,326
1684890139279781987,323.5,323,322.5,322,321.5,324,324.5,325,325.5,326
1684890139394420938,323.5,323,322.5,322,321.5,324,324.5,325,325.5,326
1684890139571878125,323.5,323,322.5,322,321.5,324,324.5,325,325.5,326
1684890141077728093,323.5,323,322.5,322,321.5,324,324.5,325,325.5,326
1684890141890180694,323.5,323,322.5,322,321.5,324,324.5,325,325.5,326
1684890143972536057,323.5,323,322.5,322,321.5,324,324.5,325,325.5,326
1684890144336611332,323.5,323,322.5,322,321.5,324.5,325,325.5,326,326.5
1684890144336626630,324,323.5,323,322.5,322,324.5,325,325.5,326,326.5
1684890144355852158,324,323.5,323,322.5,322,324.5,325,325.5,326,326.5
1684890144355867727,323.5,323,322.5,322,321.5,324.5,325,325.5,326,326.5
1684890144378693053,323.5,323,322.5,322,321.5,324.5,325,325.5,326,326.5
1684890144378783723,323.5,323,322.5,322,321.5,324.5,325,325.5,326,326.5
1684890144378783723,323.5,323,322.5,322,321.5,324.5,325,325.5,326,326.5
1684890144411122982,323.5,323,322.5,322,321.5,324.5,325,325.5,326,326.5
1684890144411122982,323.5,323,322.5,322,321.5,324.5,325,325.5,326,326.5
1684890144602554597,323.5,323,322.5,322,321.5,324.5,325,325.5,326,326.5
1684890144771661987,324,323.5,323,322.5,322,324.5,325,325.5,326,326.5
1684890144792142971,324,323.5,323,322.5,322,324.5,325,325.5,326,326.5
1684890144804336665,324,323.5,323,322.5,322,324.5,325,325.5,326,326.5
1684890144824823651,324,323.5,323,322.5,322,324.5,325,325.5,326,326.5
1684890146379363267,324,323.5,323,322.5,322,324.5,325,325.5,326,326.5
1684890146464251610,324,323.5,323,322.5,322,324.5,325,325.5,326,326.5
1684890146508384813,324,323.5,323,322.5,322,324.5,325,325.5,326,326.5
1684890147623003951,324,323.5,323,322.5,322,324.5,325,325.5,326,326.5
1684890147667534009,324,323.5,323,322.5,322,324.5,325,325.5,326,326.5
1684890147859224129,323.5,323,322.5,322,321.5,324,324.5,325,325.5,326
1684890147881558393,323.5,323,322.5,322,321.5,324,324.5,325,325.5,326
1684890147902144695,323.5,323,322.5,322,321.5,324,324.5,325,325.5,326
1684890147902144695,323.5,323,322.5,322,321.5,324,324.5,325,325.5,326
1684890148594397834,323.5,323,322.5,322,321.5,324,324.5,325,325.5,326
1684890148655874991,323.5,323,322.5,322,321.5,324,324.5,325,325.5,326
1684890149749405353,323.5,323,322.5,322,321.5,324,324.5,325,325.5,326
1684890149759502972,323.5,323,322.5,322,321.5,324,324.5,325,325.5,326
1684890149780018662,323.5,323,322.5,322,321.5,324,324.5,325,325.5,326
1684890149780018662,323.5,323,322.5,322,321.5,324,324.5,325,325.5,326
1684890149876405775,323.5,323,322.5,322,321.5,324,324.5,325,325.5,326
1684890149939998093,323.5,323,322.5,322,321.5,324,324.5,325,325.5,326
1684890150566240483,323.5,323,322.5,322,321.5,324,324.5,325,325.5,326
1684890150856569894,323.5,323,322.5,322,321.5,324,324.5,325,325.5,326
1684890150889212122,323.5,323,322.5,322,321.5,324,324.5,325,325.5,326
1684890151926895188,323.5,323,322.5,322,321.5,324,324.5,325,325.5,326
1684890152243742018,323.5,323,322.5,322,321.5,324,324.5,325,325.5,326
1684890152359749689,323.5,323,322.5,322,321.5,324,324.5,325,325.5,326
1684890152390318935,323.5,323,322.5,322,321.5,324.5,325,325.5,326,326.5
1684890152423579634,323.5,323,322.5,322,321.5,324.5,325,325.5,326,326.5
1684890152457813099,323.5,323,322.5,322,321.5,324.5,325,325.5,326,326.5
1684890152553990869,324,323.5,323,322.5,322,324.5,325,325.5,326,326.5
1684890152587322482,324,323.5,323,322.5,322,324.5,325,325.5,326,326.5
1684890152587322482,324,323.5,323,322.5,322,324.5,325,325.5,326,326.5
1684890152631783620,324,323.5,323,322.5,322,324.5,325,325.5,326,326.5
1684890152631897564,324,323.5,323,322.5,322,324.5,325,325.5,326,326.5
1684890152687502736,324,323.5,323,322.5,322,324.5,325,325.5,326,326.5
1684890154291845461,324,323.5,323,322.5,322,324.5,325,325.5,326,326.5
1684890155306918284,324,323.5,323,322.5,322,324.5,325,325.5,326,326.5
1684890156606410312,324,323.5,323,322.5,322,324.5,325,325.5,326,326.5
1684890157119256654,324,323.5,323,322.5,322,324.5,325,325.5,326,326.5
1684890157985795215,324,323.5,323,322.5,322,324.5,325,325.5,326,326.5
1684890158844120635,324,323.5,323,322.5,322,324.5,325,325.5,326,326.5
1684890158950245010,324,323.5,323,322.5,322,324.5,325,325.5,326,326.5
1684890159105751994,324,323.5,323,322.5,322,324.5,325,325.5,326,326.5
1684890159794800867,324,323.5,323,322.5,322,324.5,325,325.5,326,326.5
1684890159847313663,324,323.5,323,322.5,322,324.5,325,325.5,326,326.5
1684890159943259557,324,323.5,323,322.5,322,324.5,325,325.5,326,326.5
1684890160207677549,324,323.5,323,322.5,322,324.5,325,325.5,326,326.5
1684890161586369220,324,323.5,323,322.5,322,324.5,325,325.5,326,326.5
1684890162504252523,324,323.5,323,322.5,322,324.5,325,325.5,326,326.5
1684890163352463994,324,323.5,323,322.5,322,324.5,325,325.5,326,326.5
1684890163408433991,324,323.5,323,322.5,322,324.5,325,325.5,326,326.5
1684890164173057801,324,323.5,323,322.5,322,324.5,325,325.5,326,326.5
1684890164214499250,324,323.5,323,322.5,322,324.5,325,325.5,326,326.5
1684890164699829909,324,323.5,323,322.5,322,324.5,325,325.5,326,326.5
1684890165442008155,324,323.5,323,322.5,322,324.5,325,325.5,326,326.5
1684890165472896550,324,323.5,323,322.5,322,324.5,325,325.5,326,326.5
1684890165516221034,324,323.5,323,322.5,322,325,325.5,326,326.5,327
1684890165551304616,324,323.5,323,322.5,322,325,325.5,326,326.5,327
1684890165581524576,324,323.5,323,322.5,322,325,325.5,326,326.5,327
1684890166087720731,324,323.5,323,322.5,322,325,325.5,326,326.5,327
1684890166479578289,324.5,324,323.5,323,322.5,325,325.5,326,326.5,327
1684890166510561031,324.5,324,323.5,323,322.5,325,325.5,326,326.5,327
1684890166510575889,324.5,324,323.5,323,322.5,325,325.5,326,326.5,327
1684890166547374029,324.5,324,323.5,323,322.5,325,325.5,326,326.5,327
1684890168849643776,324.5,324,323.5,323,322.5,325,325.5,326,326.5,327
1684890168987379544,324.5,324,323.5,323,322.5,325,325.5,326,326.5,327
1684890169919550183,324.5,324,323.5,323,322.5,325,325.5,326,326.5,327
1684890171519723911,324.5,324,323.5,323,322.5,325,325.5,326,326.5,327
1684890171552461197,324.5,324,323.5,323,322.5,325,325.5,326,326.5,327
1684890172032808810,324.5,324,323.5,323,322.5,325,325.5,326,326.5,327
1684890172260563524,324.5,324,323.5,323,322.5,325,325.5,326,326.5,327
1684890172292942407,324.5,324,323.5,323,322.5,325,325.5,326,326.5,327
1684890173083499388,324.5,324,323.5,323,322.5,325,325.5,326,326.5,327
1684890173118520983,324.5,324,323.5,323,322.5,325,325.5,326,326.5,327
1684890173325230794,324.5,324,323.5,323,322.5,325,325.5,326,326.5,327
1684890174673753601,324.5,324,323.5,323,322.5,325,325.5,326,326.5,327
1684890174684719360,324.5,324,323.5,323,322.5,325,325.5,326,326.5,327
1684890175666241750,324.5,324,323.5,323,322.5,325,325.5,326,326.5,327
1684890175853588085,324.5,324,323.5,323,322.5,325,325.5,326,326.5,327
1684890175874095409,324.5,324,323.5,323,322.5,325,325.5,326,326.5,327
1684890176034601569,324.5,324,323.5,323,322.5,325,325.5,326,326.5,327
1684890176371752521,324.5,324,323.5,323,322.5,325,325.5,326,326.5,327
1684890178158616151,324.5,324,323.5,323,322.5,325,325.5,326,326.5,327
1684890178191514710,324,323.5,323,322.5,322,325,325.5,326,326.5,327
1684890178211653572,324,323.5,323,322.5,322,325,325.5,326,326.5,327
1684890178221823707,324.5,324,323.5,323,322.5,325,325.5,326,326.5,327
1684890178221931469,324.5,324,323.5,323,322.5,325,325.5,326,326.5,327
1684890178244729504,324.5,324,323.5,323,322.5,325,325.5,326,326.5,327
1684890178255316242,324.5,324,323.5,323,322.5,325,325.5,326,326.5,327
1684890178285405927,324.5,324,323.5,323,322.5,325,325.5,326,326.5,327
1684890178924841437,324.5,324,323.5,323,322.5,325,325.5,326,326.5,327
1684890179219599915,324.5,324,323.5,323,322.5,325,325.5,326,326.5,327
1684890179271551948,324.5,324,323.5,323,322.5,325,325.5,326,326.5,327
1684890179332929679,324.5,324,323.5,323,322.5,325,325.5,326,326.5,327
1684890181448973906,324.5,324,323.5,323,322.5,325,325.5,326,326.5,327
1684890181469520213,324.5,324,323.5,323,322.5,325,325.5,326,326.5,327
1684890182398769457,324.5,324,323.5,323,322.5,325,325.5,326,326.5,327
1684890182653879002,324.5,324,323.5,323,322.5,325,325.5,326,326.5,327
1684890182801440087,324.5,324,323.5,323,322.5,325,325.5,326,326.5,327
1684890183691272854,324.5,324,323.5,323,322.5,325,325.5,326,326.5,327
1684890183734460252,324,323.5,323,322.5,322,325,325.5,326,326.5,327
1684890183756792311,324,323.5,323,322.5,322,325,325.5,326,326.5,327
1684890183766955053,324,323.5,323,322.5,322,325,325.5,326,326.5,327
1684890183790875014,324,323.5,323,322.5,322,325,325.5,326,326.5,327
1684890183807804891,324,323.5,323,322.5,322,325,325.5,326,326.5,327
1684890183867737368,324,323.5,323,322.5,322,325,325.5,326,326.5,327
1684890183922510718,324,323.5,323,322.5,322,325,325.5,326,326.5,327
1684890184128503222,324.5,324,323.5,323,322.5,325,325.5,326,326.5,327
1684890184163537070,324.5,324,323.5,323,322.5,325,325.5,326,326.5,327
1684890184163537070,324,323.5,323,322.5,322,325,325.5,326,326.5,327
1684890184197067005,324,323.5,323,322.5,322,325,325.5,326,326.5,327
1684890184197067005,324,323.5,323,322.5,322,325,325.5,326,326.5,327
1684890184197067005,324,323.5,323,322.5,322,325,325.5,326,326.5,327
1684890184197180147,324,323.5,323,322.5,322,325,325.5,326,326.5,327
1684890184230526317,324,323.5,323,322.5,322,325,325.5,326,326.5,327
1684890184230763322,324,323.5,323,322.5,322,325,325.5,326,326.5,327
1684890184275791215,324.5,324,323.5,323,322.5,325,325.5,326,326.5,327
1684890184308660469,324.5,324,323.5,323,322.5,325,325.5,326,326.5,327
1684890184308803147,324,323.5,323,322.5,322,325,325.5,326,326.5,327
1684890184321054019,324,323.5,323,322.5,322,325,325.5,326,326.5,327
1684890184343506625,324,323.5,323,322.5,322,325,325.5,326,326.5,327
1684890184343506625,324,323.5,323,322.5,322,325,325.5,326,326.5,327
1684890184343506625,324,323.5,323,322.5,322,325,325.5,326,326.5,327
1684890184353652494,324,323.5,323,322.5,322,325,325.5,326,326.5,327
1684890185098160615,324,323.5,323,322.5,322,325,325.5,326,326.5,327
1684890185286525693,324,323.5,323,322.5,322,325,325.5,326,326.5,327
1684890185416056996,324.5,324,323.5,323,322.5,325,325.5,326,326.5,327
1684890185438359821,324.5,324,323.5,323,322.5,325,325.5,326,326.5,327
1684890185449859643,324,323.5,323,322.5,322,325,325.5,326,326.5,327
1684890185460096974,324,323.5,323,322.5,322,325,325.5,326,326.5,327
1684890185480575544,324,323.5,323,322.5,322,325,325.5,326,326.5,327
1684890185492330314,324,323.5,323,322.5,322,325,325.5,326,326.5,327
1684890185622408765,324.5,324,323.5,323,322.5,325,325.5,326,326.5,327
1684890185632724293,324.5,324,323.5,323,322.5,325,325.5,326,326.5,327
1684890185654471284,324.5,324,323.5,323,322.5,325,325.5,326,326.5,327
1684890185666433253,324.5,324,323.5,323,322.5,325,325.5,326,326.5,327
1684890185863175489,324.5,324,323.5,323,322.5,325,325.5,326,326.5,327
1684890185863175489,324,323.5,323,322.5,322,325,325.5,326,326.5,327
1684890185894001317,324,323.5,323,322.5,322,325,325.5,326,326.5,327
1684890185924515429,324,323.5,323,322.5,322,325,325.5,326,326.5,327
1684890185997557350,324,323.5,323,322.5,322,325,325.5,326,326.5,327
1684890186211581033,324,323.5,323,322.5,322,325,325.5,326,326.5,327
1684890186769438646,324,323.5,323,322.5,322,325,325.5,326,326.5,327
1684890186813347538,324.5,324,323.5,323,322.5,325,325.5,326,326.5,327
1684890186846130239,324.5,324,323.5,323,322.5,325,325.5,326,326.5,327
1684890186846130239,324,323.5,323,322.5,322,325,325.5,326,326.5,327
1684890186876837113,324,323.5,323,322.5,322,325,325.5,326,326.5,327
1684890186876837113,324,323.5,323,322.5,322,325,325.5,326,326.5,327
1684890186907955590,324,323.5,323,322.5,322,325,325.5,326,326.5,327
1684890187262024237,324,323.5,323,322.5,322,325,325.5,326,326.5,327
1684890187389417345,324,323.5,323,322.5,322,325,325.5,326,326.5,327
1684890187433154565,324,323.5,323,322.5,322,325,325.5,326,326.5,327
1684890187757614739,324,323.5,323,322.5,322,325,325.5,326,326.5,327
1684890187812139773,324,323.5,323,322.5,322,325,325.5,326,326.5,327
1684890187964250160,324,323.5,323,322.5,322,325,325.5,326,326.5,327
1684890188108715122,324,323.5,323,322.5,322,325,325.5,326,326.5,327
1684890188140453784,324,323.5,323,322.5,322,325,325.5,326,326.5,327
1684890188171529440,324.5,324,323.5,323,322.5,325,325.5,326,326.5,327
1684890188191617076,324.5,324,323.5,323,322.5,325,325.5,326,326.5,327
1684890188212192929,324.5,324,323.5,323,322.5,325,325.5,326,326.5,327
1684890188453782859,324.5,324,323.5,323,322.5,325,325.5,326,326.5,327
1684890189039509117,324.5,324,323.5,323,322.5,325,325.5,326,326.5,327
1684890189094727393,324.5,324,323.5,323,322.5,325,325.5,326,326.5,327
1684890189128611162,324.5,324,323.5,323,322.5,325,325.5,326,326.5,327
1684890189272214056,324.5,324,323.5,323,322.5,325,325.5,326,326.5,327
1684890189303719950,324.5,324,323.5,323,322.5,325,325.5,326,326.5,327
1684890189303719950,324.5,324,323.5,323,322.5,325,325.5,326,326.5,327
1684890189862516195,324.5,324,323.5,323,322.5,325,325.5,326,326.5,327
1684890190171202313,324.5,324,323.5,323,322.5,325,325.5,326,326.5,327
1684890190905731999,324.5,324,323.5,323,322.5,325,325.5,326,326.5,327
1684890190905731999,324.5,324,323.5,323,322.5,325,325.5,326,326.5,327
1684890190939301658,324.5,324,323.5,323,322.5,325,325.5,326,326.5,327
1684890190952289504,324.5,324,323.5,323,322.5,325,325.5,326,326.5,327
1684890191183000438,324.5,324,323.5,323,322.5,325,325.5,326,326.5,327
1684890191250852705,324,323.5,323,322.5,322,325,325.5,326,326.5,327
1684890191295463034,324,323.5,323,322.5,322,325,325.5,326,326.5,327
1684890191328279158,324,323.5,323,322.5,322,325,325.5,326,326.5,327
1684890191618985348,324,323.5,323,322.5,322,325,325.5,326,326.5,327
1684890191869061201,324,323.5,323,322.5,322,325,325.5,326,326.5,327
1684890193628352582,324,323.5,323,322.5,322,325,325.5,326,326.5,327
1684890194242888472,324,323.5,323,322.5,322,325,325.5,326,326.5,327
1684890194667564228,324,323.5,323,322.5,322,325,325.5,326,326.5,327
1684890195758125897,324,323.5,323,322.5,322,325,325.5,326,326.5,327
1684890195820273774,324,323.5,323,322.5,322,325,325.5,326,326.5,327
1684890196286463825,324,323.5,323,322.5,322,325,325.5,326,326.5,327
1684890196926856884,324,323.5,323,322.5,322,325,325.5,326,326.5,327
1684890197462964159,324,323.5,323,322.5,322,325,325.5,326,326.5,327
1684890197947415718,324,323.5,323,322.5,322,325,325.5,326,326.5,327
1684890199650990658,324,323.5,323,322.5,322,325,325.5,326,326.5,327
1684890199693529768,324,323.5,323,322.5,322,325,325.5,326,326.5,327
1684890200165442915,324,323.5,323,322.5,322,325,325.5,326,326.5,327
1684890200229048949,324.5,324,323.5,323,322.5,325,325.5,326,326.5,327
1684890200259820214,324.5,324,323.5,323,322.5,325,325.5,326,326.5,327
1684890200259820214,324,323.5,323,322.5,322,325,325.5,326,326.5,327
1684890200290502342,324,323.5,323,322.5,322,325,325.5,326,326.5,327
1684890200290502342,324,323.5,323,322.5,322,325,325.5,326,326.5,327
1684890200311275895,324,323.5,323,322.5,322,325,325.5,326,326.5,327
1684890200321401006,324,323.5,323,322.5,322,325,325.5,326,326.5,327
1684890201404840803,324,323.5,323,322.5,322,325,325.5,326,326.5,327
1684890201437939067,324,323.5,323,322.5,322,325,325.5,326,326.5,327
1684890202209500934,324,323.5,323,322.5,322,325,325.5,326,326.5,327
1684890202556537587,324.5,324,323.5,323,322.5,325,325.5,326,326.5,327
1684890202591397769,324.5,324,323.5,323,322.5,325,325.5,326,326.5,327
1684890202591397769,324.5,324,323.5,323,322.5,325,325.5,326,326.5,327
1684890202591397769,324,323.5,323,322.5,322,325,325.5,326,326.5,327
1684890202591397769,324,323.5,323,322.5,322,324.5,325,325.5,326,326.5
1684890202591531791,324,323.5,323,322.5,322,324.5,325,325.5,326,326.5
1684890202591531791,324,323.5,323,322.5,322,324.5,325,325.5,326,326.5
1684890202624265981,324,323.5,323,322.5,322,324.5,325,325.5,326,326.5
1684890202624265981,324,323.5,323,322.5,322,324.5,325,325.5,326,326.5
1684890202624265981,324,323.5,323,322.5,322,325,325.5,326,326.5,327
1684890202624315114,324,323.5,323,322.5,322,325,325.5,326,326.5,327
1684890202656810225,324,323.5,323,322.5,322,325,325.5,326,326.5,327
1684890202656844991,324,323.5,323,322.5,322,325,325.5,326,326.5,327
1684890202656844991,324,323.5,323,322.5,322,325,325.5,326,326.5,327
1684890202656844991,324,323.5,323,322.5,322,325,325.5,326,326.5,327
1684890202687448270,324,323.5,323,322.5,322,325,325.5,326,326.5,327
1684890203844850136,324,323.5,323,322.5,322,325,325.5,326,326.5,327
1684890204072185733,324.5,324,323.5,323,322.5,325,325.5,326,326.5,327
1684890204104789288,324.5,324,323.5,323,322.5,325,325.5,326,326.5,327
1684890204104899545,324,323.5,323,322.5,322,325,325.5,326,326.5,327
1684890204104899545,324,323.5,323,322.5,322,325,325.5,326,326.5,327
1684890204104899545,324,323.5,323,322.5,322,325,325.5,326,326.5,327
1684890204104899545,324,323.5,323,322.5,322,324.5,325,325.5,326,326.5
1684890204137966581,324,323.5,323,322.5,322,324.5,325,325.5,326,326.5
1684890204137966581,324,323.5,323,322.5,322,325,325.5,326,326.5,327
1684890204138024399,324,323.5,323,322.5,322,325,325.5,326,326.5,327
1684890204138024399,324,323.5,323,322.5,322,325,325.5,326,326.5,327
1684890204167795867,324,323.5,323,322.5,322,325,325.5,326,326.5,327
1684890204167795867,324,323.5,323,322.5,322,325,325.5,326,326.5,327
1684890204167840611,324,323.5,323,322.5,322,325,325.5,326,326.5,327
1684890204167840611,324,323.5,323,322.5,322,325,325.5,326,326.5,327
1684890204200139424,324,323.5,323,322.5,322,325,325.5,326,326.5,327
1684890204232715227,324,323.5,323,322.5,322,324.5,325,325.5,326,326.5
1684890204263521067,324,323.5,323,322.5,322,324.5,325,325.5,326,326.5
1684890204294151077,324,323.5,323,322.5,322,324.5,325,325.5,326,326.5
1684890204608569518,324,323.5,323,322.5,322,324.5,325,325.5,326,326.5
1684890205130010115,324,323.5,323,322.5,322,324.5,325,325.5,326,326.5
1684890205332769659,324,323.5,323,322.5,322,324.5,325,325.5,326,326.5
1684890205342813097,324,323.5,323,322.5,322,324.5,325,325.5,326,326.5
1684890205700319618,324,323.5,323,322.5,322,324.5,325,325.5,326,326.5
1684890209011939846,324,323.5,323,322.5,322,324.5,325,325.5,326,326.5
1684890210738324052,324,323.5,323,322.5,322,324.5,325,325.5,326,326.5
1684890210935926744,324,323.5,323,322.5,322,324.5,325,325.5,326,326.5
1684890211893385844,324,323.5,323,322.5,322,324.5,325,325.5,326,326.5
1684890212084896257,324,323.5,323,322.5,322,324.5,325,325.5,326,326.5
1684890212402380684,324,323.5,323,322.5,322,324.5,325,325.5,326,326.5
1684890212504087445,324,323.5,323,322.5,322,324.5,325,325.5,326,326.5
1684890212747882636,324,323.5,323,322.5,322,324.5,325,325.5,326,326.5
1684890214192309089,324,323.5,323,322.5,322,324.5,325,325.5,326,326.5
1684890214317193618,324,323.5,323,322.5,322,324.5,325,325.5,326,326.5
1684890215580146873,324,323.5,323,322.5,322,324.5,325,325.5,326,326.5
1684890218048993630,324,323.5,323,322.5,322,324.5,325,325.5,326,326.5
1684890218420491151,324,323.5,323,322.5,322,324.5,325,325.5,326,326.5
1684890218621206356,324,323.5,323,322.5,322,324.5,325,325.5,326,326.5
1684890219203901433,324,323.5,323,322.5,322,324.5,325,325.5,326,326.5
1684890224019913624,324,323.5,323,322.5,322,324.5,325,325.5,326,326.5
1684890224365014943,324,323.5,323,322.5,322,324.5,325,325.5,326,326.5
1684890224479462867,324,323.5,323,322.5,322,324.5,325,325.5,326,326.5
1684890224518407548,324,323.5,323,322.5,322,324.5,325,325.5,326,326.5
1684890224745064571,324,323.5,323,322.5,322,324.5,325,325.5,326,326.5
1684890225031538764,324,323.5,323,322.5,322,324.5,325,325.5,326,326.5
1684890225373691859,324,323.5,323,322.5,322,324.5,325,325.5,326,326.5
1684890225425737909,324,323.5,323,322.5,322,324.5,325,325.5,326,326.5
1684890226301380493,324,323.5,323,322.5,322,324.5,325,325.5,326,326.5
1684890227129711528,324,323.5,323,322.5,322,324.5,325,325.5,326,326.5
1684890228351852886,324,323.5,323,322.5,322,324.5,325,325.5,326,326.5
1684890228642338361,324,323.5,323,322.5,322,324.5,325,325.5,326,326.5
1684890228792940366,324,323.5,323,322.5,322,324.5,325,325.5,326,326.5
1684890229590454019,324,323.5,323,322.5,322,324.5,325,325.5,326,326.5
1684890229623302244,324,323.5,323,322.5,322,324.5,325,325.5,326,326.5
1684890229678432084,324,323.5,323,322.5,322,324.5,325,325.5,326,326.5
1684890231752079700,324,323.5,323,322.5,322,324.5,325,325.5,326,326.5
1684890231825818379,324,323.5,323,322.5,322,324.5,325,325.5,326,326.5
1684890231943566118,324,323.5,323,322.5,322,324.5,325,325.5,326,326.5
1684890232345082981,324,323.5,323,322.5,322,324.5,325,325.5,326,326.5
1684890232467863730,324,323.5,323,322.5,322,324.5,325,325.5,326,326.5
1684890234087740642,324,323.5,323,322.5,322,324.5,325,325.5,326,326.5
1684890234497453334,324,323.5,323,322.5,322,324.5,325,325.5,326,326.5
1684890234694072910,324,323.5,323,322.5,322,324.5,325,325.5,326,326.5
1684890234935882092,324,323.5,323,322.5,322,324.5,325,325.5,326,326.5
1684890236044718293,324,323.5,323,322.5,322,324.5,325,325.5,326,326.5
1684890236612204475,324,323.5,323,322.5,322,324.5,325,325.5,326,326.5
1684890236833284457,324,323.5,323,322.5,322,324.5,325,325.5,326,326.5
1684890236906979303,324,323.5,323,322.5,322,324.5,325,325.5,326,326.5
1684890237615828553,324,323.5,323,322.5,322,324.5,325,325.5,326,326.5
1684890238389087126,324,323.5,323,322.5,322,324.5,325,325.5,326,326.5
1684890238582306918,324,323.5,323,322.5,322,324.5,325,325.5,326,326.5
1684890238613143847,324,323.5,323,322.5,322,324.5,325,325.5,326,326.5
1684890238633412863,324,323.5,323,322.5,322,324.5,325,325.5,326,326.5
1684890239563919789,324,323.5,323,322.5,322,324.5,325,325.5,326,326.5
1684890239891904902,324,323.5,323,322.5,322,324.5,325,325.5,326,326.5
1684890240269742226,324,323.5,323,322.5,322,324.5,325,325.5,326,326.5
1684890240323094278,324,323.5,323,322.5,322,324.5,325,325.5,326,326.5
1684890240343675060,324,323.5,323,322.5,322,325,325.5,326,326.5,327
1684890240365416801,324,323.5,323,322.5,322,325,325.5,326,326.5,327
1684890240385969150,324,323.5,323,322.5,322,325,325.5,326,326.5,327
1684890240590466306,324.5,324,323.5,323,322.5,325,325.5,326,326.5,327
1684890240623545254,324.5,324,323.5,323,322.5,325,325.5,326,326.5,327
1684890240658637382,324.5,324,323.5,323,322.5,325,325.5,326,326.5,327
1684890240731636112,324.5,324,323.5,323,322.5,325,325.5,326,326.5,327
1684890241037953572,324.5,324,323.5,323,322.5,325,325.5,326,326.5,327
1684890241133229719,324.5,324,323.5,323,322.5,325,325.5,326,326.5,327
1684890241263364646,324.5,324,323.5,323,322.5,325,325.5,326,326.5,327
1684890247647085281,324.5,324,323.5,323,322.5,325,325.5,326,326.5,327
1684890248361932121,324.5,324,323.5,323,322.5,325,325.5,326,326.5,327
1684890250015254220,324.5,324,323.5,323,322.5,325,325.5,326,326.5,327
1684890250472145032,324.5,324,323.5,323,322.5,325,325.5,326,326.5,327
1684890250975847375,324.5,324,323.5,323,322.5,325,325.5,326,326.5,327
1684890251073516315,324.5,324,323.5,323,322.5,325,325.5,326,326.5,327
1684890251448961367,324.5,324,323.5,323,322.5,325,325.5,326,326.5,327
1684890252292710861,324.5,324,323.5,323,322.5,325,325.5,326,326.5,327
1684890252325591436,324.5,324,323.5,323,322.5,325,325.5,326,326.5,327
1684890254059421654,324.5,324,323.5,323,322.5,325,325.5,326,326.5,327
1684890254323441157,324.5,324,323.5,323,322.5,325,325.5,326,326.5,327
1684890254491654338,324.5,324,323.5,323,322.5,325,325.5,326,326.5,327
1684890255529868252,324.5,324,323.5,323,322.5,325,325.5,326,326.5,327
1684890255642448078,324.5,324,323.5,323,322.5,325,325.5,326,326.5,327
1684890256002706275,324.5,324,323.5,323,322.5,325,325.5,326,326.5,327
1684890256760841413,324.5,324,323.5,323,322.5,325,325.5,326,326.5,327
1684890256923404315,324.5,324,323.5,323,322.5,325,325.5,326,326.5,327
1684890256958139192,324.5,324,323.5,323,322.5,325,325.5,326,326.5,327
1684890257593048605,324.5,324,323.5,323,322.5,325,325.5,326,326.5,327
1684890257626220718,324.5,324,323.5,323,322.5,325,325.5,326,326.5,327
1684890257626220718,324.5,324,323.5,323,322.5,325,325.5,326,326.5,327
1684890257661590437,324.5,324,323.5,323,322.5,325,325.5,326,326.5,327
1684890258301245090,324.5,324,323.5,323,322.5,325,325.5,326,326.5,327
1684890258785611950,324.5,324,323.5,323,322.5,325,325.5,326,326.5,327
1684890259089165240,324.5,324,323.5,323,322.5,325,325.5,326,326.5,327
1684890259132033949,324.5,324,323.5,323,322.5,325,325.5,326,326.5,327
1684890260132853082,324.5,324,323.5,323,322.5,325,325.5,326,326.5,327
1684890261066279570,324.5,324,323.5,323,322.5,325,325.5,326,326.5,327
1684890261492744154,324.5,324,323.5,323,322.5,325,325.5,326,326.5,327
1684890261557070441,324.5,324,323.5,323,322.5,325,325.5,326,326.5,327
1684890262368538525,324.5,324,323.5,323,322.5,325,325.5,326,326.5,327
1684890262380788395,324.5,324,323.5,323,322.5,325,325.5,326,326.5,327
1684890262413790829,324.5,324,323.5,323,322.5,325,325.5,326,326.5,327
1684890262804790636,324.5,324,323.5,323,322.5,325,325.5,326,326.5,327
1684890263610400480,324.5,324,323.5,323,322.5,325,325.5,326,326.5,327
1684890263837651689,324.5,324,323.5,323,322.5,325,325.5,326,326.5,327
1684890264138453123,324.5,324,323.5,323,322.5,325,325.5,326,326.5,327
1684890265128785596,324.5,324,323.5,323,322.5,325,325.5,326,326.5,327
1684890265161418997,324.5,324,323.5,323,322.5,325,325.5,326,326.5,327
1684890265771754452,324.5,324,323.5,323,322.5,325,325.5,326,326.5,327
1684890265794355266,324.5,324,323.5,323,322.5,325,325.5,326,326.5,327
1684890265900752203,324.5,324,323.5,323,322.5,325,325.5,326,326.5,327
1684890266052426441,324.5,324,323.5,323,322.5,325,325.5,326,326.5,327
1684890266970137683,324.5,324,323.5,323,322.5,325,325.5,326,326.5,327
1684890267013849224,324.5,324,323.5,323,322.5,325,325.5,326,326.5,327
1684890267122435793,324.5,324,323.5,323,322.5,325,325.5,326,326.5,327
1684890267155281733,324.5,324,323.5,323,322.5,325,325.5,326,326.5,327
1684890268022896245,324.5,324,323.5,323,322.5,325,325.5,326,326.5,327
1684890268212970622,324.5,324,323.5,323,322.5,325,325.5,326,326.5,327
1684890268763936205,324.5,324,323.5,323,322.5,325,325.5,326,326.5,327
1684890268804930465,324.5,324,323.5,323,322.5,325,325.5,326,326.5,327
1684890269331474475,324.5,324,323.5,323,322.5,325,325.5,326,326.5,327
1684890269543253604,324.5,324,323.5,323,322.5,325,325.5,326,326.5,327
1684890270109490099,324.5,324,323.5,323,322.5,325,325.5,326,326.5,327
1684890270389518000,324.5,324,323.5,323,322.5,325,325.5,326,326.5,327
1684890270423894013,324.5,324,323.5,323,322.5,325,325.5,326,326.5,327
1684890271028450206,324.5,324,323.5,323,322.5,325.5,326,326.5,327,327.5
1684890271061892646,324.5,324,323.5,323,322.5,325.5,326,326.5,327,327.5
1684890271061892646,324.5,324,323.5,323,322.5,325.5,326,326.5,327,327.5
1684890271072128535,324.5,324,323.5,323,322.5,325.5,326,326.5,327,327.5
1684890271082476123,324.5,324,323.5,323,322.5,325.5,326,326.5,327,327.5
1684890271092653893,324.5,324,323.5,323,322.5,325.5,326,326.5,327,327.5
1684890275928920295,325,324.5,324,323.5,323,325.5,326,326.5,327,327.5
1684890275939418566,325,324.5,324,323.5,323,325.5,326,326.5,327,327.5
1684890275939418566,324.5,324,323.5,323,322.5,325.5,326,326.5,327,327.5
1684890275949778768,324.5,324,323.5,323,322.5,325.5,326,326.5,327,327.5
1684890275949778768,324.5,324,323.5,323,322.5,325.5,326,326.5,327,327.5
1684890275959625586,324.5,324,323.5,323,322.5,325.5,326,326.5,327,327.5
1684890275972112290,324.5,324,323.5,323,322.5,325.5,326,326.5,327,327.5
1684890276494533350,324.5,324,323.5,323,322.5,325.5,326,326.5,327,327.5
1684890276494533350,324.5,324,323.5,323,322.5,325.5,326,326.5,327,327.5
1684890277256061317,324.5,324,323.5,323,322.5,325.5,326,326.5,327,327.5
1684890278664207252,324.5,324,323.5,323,322.5,325.5,326,326.5,327,327.5
1684890278696840914,324.5,324,323.5,323,322.5,325.5,326,326.5,327,327.5
1684890278707252282,324.5,324,323.5,323,322.5,325.5,326,326.5,327,327.5
1684890278745360022,324.5,324,323.5,323,322.5,325.5,326,326.5,327,327.5
1684890279281689796,324.5,324,323.5,323,322.5,325.5,326,326.5,327,327.5
1684890279312309366,324.5,324,323.5,323,322.5,325.5,326,326.5,327,327.5
1684890279781332136,324.5,324,323.5,323,322.5,325.5,326,326.5,327,327.5
1684890279824035464,324.5,324,323.5,323,322.5,325.5,326,326.5,327,327.5
1684890280012056476,324.5,324,323.5,323,322.5,325.5,326,326.5,327,327.5
1684890280136661089,324.5,324,323.5,323,322.5,325.5,326,326.5,327,327.5
1684890280159022254,324.5,324,323.5,323,322.5,325.5,326,326.5,327,327.5
1684890280348509769,325,324.5,324,323.5,323,325.5,326,326.5,327,327.5
1684890280382739958,325,324.5,324,323.5,323,325.5,326,326.5,327,327.5
1684890280382739958,325,324.5,324,323.5,323,325.5,326,326.5,327,327.5
1684890280415745769,325,324.5,324,323.5,323,325.5,326,326.5,327,327.5
1684890280770508509,325,324.5,324,323.5,323,325.5,326,326.5,327,327.5
1684890281963551013,325,324.5,324,323.5,323,325.5,326,326.5,327,327.5
1684890282284120152,325,324.5,324,323.5,323,325.5,326,326.5,327,327.5
1684890282620820579,325,324.5,324,323.5,323,325.5,326,326.5,327,327.5
1684890282641373418,325,324.5,324,323.5,323,325.5,326,326.5,327,327.5
1684890282651799514,324.5,324,323.5,323,322.5,325.5,326,326.5,327,327.5
1684890282686415337,324.5,324,323.5,323,322.5,325.5,326,326.5,327,327.5
1684890282719427229,324.5,324,323.5,323,322.5,325.5,326,326.5,327,327.5
1684890284082104273,324.5,324,323.5,323,322.5,325.5,326,326.5,327,327.5
1684890284279129110,324.5,324,323.5,323,322.5,325.5,326,326.5,327,327.5
1684890285130644606,324.5,324,323.5,323,322.5,325,325.5,326,326.5,327
1684890285153221034,324.5,324,323.5,323,322.5,325,325.5,326,326.5,327
1684890285175829884,324.5,324,323.5,323,322.5,325,325.5,326,326.5,327
1684890285472924168,324.5,324,323.5,323,322.5,325,325.5,326,326.5,327
1684890287429846175,324.5,324,323.5,323,322.5,325,325.5,326,326.5,327
1684890287563066405,324.5,324,323.5,323,322.5,325,325.5,326,326.5,327
1684890287748375334,324.5,324,323.5,323,322.5,325.5,326,326.5,327,327.5
1684890287768743186,324.5,324,323.5,323,322.5,325.5,326,326.5,327,327.5
1684890287789071173,324.5,324,323.5,323,322.5,325.5,326,326.5,327,327.5
1684890287873086447,324.5,324,323.5,323,322.5,325.5,326,326.5,327,327.5
1684890287946704600,324.5,324,323.5,323,322.5,325.5,326,326.5,327,327.5
1684890288075917646,324.5,324,323.5,323,322.5,325.5,326,326.5,327,327.5
1684890288220153558,324.5,324,323.5,323,322.5,325.5,326,326.5,327,327.5
1684890288521617045,325,324.5,324,323.5,323,325.5,326,326.5,327,327.5
1684890288552302740,325,324.5,324,323.5,323,325.5,326,326.5,327,327.5
1684890288552302740,324.5,324,323.5,323,322.5,325.5,326,326.5,327,327.5
1684890288572406295,324.5,324,323.5,323,322.5,325.5,326,326.5,327,327.5
1684890288582673042,324.5,324,323.5,323,322.5,325.5,326,326.5,327,327.5
1684890288582673042,324.5,324,323.5,323,322.5,325.5,326,326.5,327,327.5
1684890288582673042,324.5,324,323.5,323,322.5,325.5,326,326.5,327,327.5
1684890288594981873,324.5,324,323.5,323,322.5,325.5,326,326.5,327,327.5
1684890288594981873,324.5,324,323.5,323,322.5,325.5,326,326.5,327,327.5
1684890289361967007,324.5,324,323.5,323,322.5,325.5,326,326.5,327,327.5
1684890289372856002,324.5,324,323.5,323,322.5,325.5,326,326.5,327,327.5
1684890289383660247,324.5,324,323.5,323,322.5,325.5,326,326.5,327,327.5
1684890289584176580,324.5,324,323.5,323,322.5,325,325.5,326,326.5,327
1684890289605663924,324.5,324,323.5,323,322.5,325,325.5,326,326.5,327
1684890289618067943,324.5,324,323.5,323,322.5,325,325.5,326,326.5,327
1684890289638740327,324.5,324,323.5,323,322.5,325,325.5,326,326.5,327
1684890289638740327,324.5,324,323.5,323,322.5,325,325.5,326,326.5,327
1684890289638794148,324.5,324,323.5,323,322.5,325,325.5,326,326.5,327
1684890289706037892,324.5,324,323.5,323,322.5,325,325.5,326,326.5,327
1684890290298955764,324.5,324,323.5,323,322.5,325,325.5,326,326.5,327
1684890290366657328,324.5,324,323.5,323,322.5,325,325.5,326,326.5,327
1684890290387172777,324.5,324,323.5,323,322.5,325,325.5,326,326.5,327
1684890290564462289,324.5,324,323.5,323,322.5,325.5,326,326.5,327,327.5
1684890290586681057,324.5,324,323.5,323,322.5,325.5,326,326.5,327,327.5
1684890290609211779,324.5,324,323.5,323,322.5,325.5,326,326.5,327,327.5
1684890290619457446,324.5,324,323.5,323,322.5,325.5,326,326.5,327,327.5
1684890290675762934,325,324.5,324,323.5,323,325.5,326,326.5,327,327.5
1684890290696195126,325,324.5,324,323.5,323,325.5,326,326.5,327,327.5
1684890290716738358,325,324.5,324,323.5,323,325.5,326,326.5,327,327.5
1684890291078441499,325,324.5,324,323.5,323,325.5,326,326.5,327,327.5
1684890292939973856,325,324.5,324,323.5,323,325.5,326,326.5,327,327.5
1684890293068779527,325,324.5,324,323.5,323,325.5,326,326.5,327,327.5
1684890293101604548,325,324.5,324,323.5,323,325.5,326,326.5,327,327.5
1684890293500991453,325,324.5,324,323.5,323,325.5,326,326.5,327,327.5
1684890293597427397,325,324.5,324,323.5,323,325.5,326,326.5,327,327.5
1684890293608335749,325,324.5,324,323.5,323,325.5,326,326.5,327,327.5
1684890293608335749,325,324.5,324,323.5,323,325.5,326,326.5,327,327.5
1684890293709422566,325,324.5,324,323.5,323,325.5,326,326.5,327,327.5
1684890293944353714,325,324.5,324,323.5,323,325.5,326,326.5,327,327.5
1684890295443770125,325,324.5,324,323.5,323,325.5,326,326.5,327,327.5
1684890296175609050,325,324.5,324,323.5,323,325.5,326,326.5,327,327.5
1684890296208553395,325,324.5,324,323.5,323,325.5,326,326.5,327,327.5
1684890296591587998,325,324.5,324,323.5,323,325.5,326,326.5,327,327.5
1684890297540083519,325,324.5,324,323.5,323,325.5,326,326.5,327,327.5
1684890297777586306,325,324.5,324,323.5,323,325.5,326,326.5,327,327.5
1684890298453103333,325,324.5,324,323.5,323,325.5,326,326.5,327,327.5
1684890298487853589,325,324.5,324,323.5,323,325.5,326,326.5,327,327.5
1684890298598449961,325,324.5,324,323.5,323,325.5,326,326.5,327,327.5
1684890298641534575,325,324.5,324,323.5,323,325.5,326,326.5,327,327.5
1684890299157553564,325,324.5,324,323.5,323,325.5,326,326.5,327,327.5
1684890299229350267,325,324.5,324,323.5,323,325.5,326,326.5,327,327.5
1684890299249957078,325,324.5,324,323.5,323,325.5,326,326.5,327,327.5
1684890299863046823,325,324.5,324,323.5,323,325.5,326,326.5,327,327.5
1684890300395944603,325,324.5,324,323.5,323,325.5,326,326.5,327,327.5
1684890300801125607,325,324.5,324,323.5,323,325.5,326,326.5,327,327.5
1684890301106367739,325,324.5,324,323.5,323,325.5,326,326.5,327,327.5
1684890301834327440,325,324.5,324,323.5,323,325.5,326,326.5,327,327.5
1684890302014062795,325,324.5,324,323.5,323,326,326.5,327,327.5,328
1684890302051091279,325,324.5,324,323.5,323,326,326.5,327,327.5,328
1684890302051091279,325,324.5,324,323.5,323,326,326.5,327,327.5,328
1684890305175232696,325,324.5,324,323.5,323,326,326.5,327,327.5,328
1684890307199249920,325,324.5,324,323.5,323,326,326.5,327,327.5,328
1684890307480486730,325,324.5,324,323.5,323,326,326.5,327,327.5,328
1684890307569855476,325,324.5,324,323.5,323,326,326.5,327,327.5,328
1684890307737174819,325.5,325,324.5,324,323.5,326,326.5,327,327.5,328
1684890307771809247,325.5,325,324.5,324,323.5,326,326.5,327,327.5,328
1684890307771865072,325,324.5,324,323.5,323,326,326.5,327,327.5,328
1684890307817076560,325.5,325,324.5,324,323.5,326,326.5,327,327.5,328
1684890307852394972,325,324.5,324,323.5,323,326,326.5,327,327.5,328
1684890307852394972,325,324.5,324,323.5,323,325.5,326,326.5,327,327.5
1684890307852394972,325,324.5,324,323.5,323,325.5,326,326.5,327,327.5
1684890307930538351,325,324.5,324,323.5,323,326,326.5,327,327.5,328
1684890307963397096,325,324.5,324,323.5,323,326,326.5,327,327.5,328
1684890307963511180,325,324.5,324,323.5,323,325.5,326,326.5,327,327.5
1684890307963702660,325,324.5,324,323.5,323,326,326.5,327,327.5,328
1684890307963702660,325,324.5,324,323.5,323,326,326.5,327,327.5,328
1684890307983724241,325,324.5,324,323.5,323,325.5,326,326.5,327,327.5
1684890307983795385,325,324.5,324,323.5,323,325.5,326,326.5,327,327.5
1684890308657304953,325,324.5,324,323.5,323,325.5,326,326.5,327,327.5
1684890308781273672,325,324.5,324,323.5,323,325.5,326,326.5,327,327.5
1684890309249182632,325,324.5,324,323.5,323,325.5,326,326.5,327,327.5
1684890309282530254,324.5,324,323.5,323,322.5,325.5,326,326.5,327,327.5
1684890309304506145,325,324.5,324,323.5,323,325.5,326,326.5,327,327.5
1684890309316747048,325,324.5,324,323.5,323,325.5,326,326.5,327,327.5
1684890309316747048,325,324.5,324,323.5,323,325.5,326,326.5,327,327.5
1684890309339336802,324.5,324,323.5,323,322.5,325.5,326,326.5,327,327.5
1684890309339336802,324.5,324,323.5,323,322.5,325,325.5,326,326.5,327
1684890309339389881,324.5,324,323.5,323,322.5,325,325.5,326,326.5,327
1684890309375177926,324.5,324,323.5,323,322.5,325.5,326,326.5,327,327.5
1684890309375316135,324.5,324,323.5,323,322.5,325,325.5,326,326.5,327
1684890309418544049,324.5,324,323.5,323,322.5,325.5,326,326.5,327,327.5
1684890309429089639,324.5,324,323.5,323,322.5,325.5,326,326.5,327,327.5
1684890309451248163,324.5,324,323.5,323,322.5,325.5,326,326.5,327,327.5
1684890309542083352,324.5,324,323.5,323,322.5,325.5,326,326.5,327,327.5
1684890309577081062,324.5,324,323.5,323,322.5,325.5,326,326.5,327,327.5
1684890310178033499,324.5,324,323.5,323,322.5,325.5,326,326.5,327,327.5
1684890310343331216,324.5,324,323.5,323,322.5,325.5,326,326.5,327,327.5
1684890311396535596,324.5,324,323.5,323,322.5,325.5,326,326.5,327,327.5
1684890311419612695,324.5,324,323.5,323,322.5,325.5,326,326.5,327,327.5
1684890312692872152,325,324.5,324,323.5,323,325.5,326,326.5,327,327.5
1684890312725786902,325,324.5,324,323.5,323,325.5,326,326.5,327,327.5
1684890312725786902,324.5,324,323.5,323,322.5,325.5,326,326.5,327,327.5
1684890312725786902,324.5,324,323.5,323,322.5,325,325.5,326,326.5,327
1684890312725854038,324.5,324,323.5,323,322.5,325,325.5,326,326.5,327
1684890312725854038,324.5,324,323.5,323,322.5,325,325.5,326,326.5,327
1684890312758687124,324.5,324,323.5,323,322.5,325.5,326,326.5,327,327.5
1684890312793270256,324.5,324,323.5,323,322.5,325.5,326,326.5,327,327.5
1684890312793270256,324.5,324,323.5,323,322.5,325.5,326,326.5,327,327.5
1684890312793270256,324.5,324,323.5,323,322.5,325.5,326,326.5,327,327.5
1684890312891656923,325,324.5,324,323.5,323,325.5,326,326.5,327,327.5
1684890312924431440,324.5,324,323.5,323,322.5,325.5,326,326.5,327,327.5
1684890312924431440,324.5,324,323.5,323,322.5,325.5,326,326.5,327,327.5
1684890312924431440,324.5,324,323.5,323,322.5,325.5,326,326.5,327,327.5
1684890312924486443,324.5,324,323.5,323,322.5,325,325.5,326,326.5,327
1684890312959257678,324.5,324,323.5,323,322.5,325.5,326,326.5,327,327.5
1684890312959378435,324.5,324,323.5,323,322.5,325.5,326,326.5,327,327.5
1684890312981685658,324.5,324,323.5,323,322.5,325.5,326,326.5,327,327.5
1684890312994005479,324.5,324,323.5,323,322.5,325.5,326,326.5,327,327.5
1684890312994005479,324.5,324,323.5,323,322.5,325.5,326,326.5,327,327.5
1684890313320727140,325,324.5,324,323.5,323,325.5,326,326.5,327,327.5
1684890313355635183,325,324.5,324,323.5,323,325.5,326,326.5,327,327.5
1684890313355635183,324.5,324,323.5,323,322.5,325.5,326,326.5,327,327.5
1684890313355635183,324.5,324,323.5,323,322.5,325.5,326,326.5,327,327.5
1684890313355635183,324.5,324,323.5,323,322.5,325.5,326,326.5,327,327.5
1684890313355774023,324.5,324,323.5,323,322.5,325,325.5,326,326.5,327
1684890313388626666,324.5,324,323.5,323,322.5,325,325.5,326,326.5,327
1684890313388626666,324.5,324,323.5,323,322.5,325.5,326,326.5,327,327.5
1684890313388626666,324.5,324,323.5,323,322.5,325.5,326,326.5,327,327.5
1684890313410690893,324.5,324,323.5,323,322.5,325.5,326,326.5,327,327.5
1684890313423118647,324.5,324,323.5,323,322.5,325.5,326,326.5,327,327.5
1684890313423118647,324.5,324,323.5,323,322.5,325.5,326,326.5,327,327.5
1684890313590180607,324.5,324,323.5,323,322.5,325.5,326,326.5,327,327.5
1684890314267595487,324.5,324,323.5,323,322.5,325,325.5,326,326.5,327
1684890315036902561,324.5,324,323.5,323,322.5,325.5,326,326.5,327,327.5
1684890316532976056,325,324.5,324,323.5,323,325.5,326,326.5,327,327.5
1684890316565828809,325,324.5,324,323.5,323,325.5,326,326.5,327,327.5
1684890316678439133,325,324.5,324,323.5,323,325.5,326,326.5,327,327.5
1684890317903080106,0,0,0,0,0,0,0,0,0,0
1684890317903199109,324.5,324,323.5,323,322.5,325.5,326,326.5,327,327.5
1684890317948233494,324.5,324,323.5,323,322.5,325.5,326,326.5,327,327.5
1684890317968680605,324.5,324,323.5,323,322.5,325.5,326,326.5,327,327.5
1684890318364047632,324.5,324,323.5,323,322.5,325.5,326,326.5,327,327.5
1684890318699926797,324.5,324,323.5,323,322.5,325,325.5,326,326.5,327
1684890318733368837,324.5,324,323.5,323,322.5,325,325.5,326,326.5,327
1684890319137068158,324.5,324,323.5,323,322.5,325,325.5,326,326.5,327
1684890320300655639,324.5,324,323.5,323,322.5,325,325.5,326,326.5,327
1684890320308707818,324.5,324,323.5,323,322.5,325,325.5,326,326.5,327
1684890320308707818,324.5,324,323.5,323,322.5,325,325.5,326,326.5,327
1684890320331263948,324.5,324,323.5,323,322.5,325,325.5,326,326.5,327
1684890320331263948,324.5,324,323.5,323,322.5,325,325.5,326,326.5,327
1684890320341319869,324.5,324,323.5,323,322.5,325,325.5,326,326.5,327
1684890320365864513,324.5,324,323.5,323,322.5,325,325.5,326,326.5,327
1684890322308005199,324.5,324,323.5,323,322.5,325,325.5,326,326.5,327
1684890323916170093,325,324.5,324,323.5,323,325.5,326,326.5,327,327.5
1684890323940722071,325,324.5,324,323.5,323,325.5,326,326.5,327,327.5
1684890323940722071,324.5,324,323.5,323,322.5,325.5,326,326.5,327,327.5
1684890323940881791,324.5,324,323.5,323,322.5,325.5,326,326.5,327,327.5
1684890323983733207,324.5,324,323.5,323,322.5,325.5,326,326.5,327,327.5
1684890324030200813,324.5,324,323.5,323,322.5,325.5,326,326.5,327,327.5
1684890324354658884,324.5,324,323.5,323,322.5,325.5,326,326.5,327,327.5
1684890325096299683,324.5,324,323.5,323,322.5,325,325.5,326,326.5,327
1684890325130702376,324.5,324,323.5,323,322.5,325,325.5,326,326.5,327
1684890325130891762,324.5,324,323.5,323,322.5,325,325.5,326,326.5,327
1684890325910977914,324.5,324,323.5,323,322.5,325,325.5,326,326.5,327
1684890326460750528,324.5,324,323.5,323,322.5,325,325.5,326,326.5,327
1684890327505350332,324.5,324,323.5,323,322.5,325,325.5,326,326.5,327
1684890329585251121,324.5,324,323.5,323,322.5,325,325.5,326,326.5,327
1684890330858916822,324.5,324,323.5,323,322.5,325,325.5,326,326.5,327
1684890330901102257,324.5,324,323.5,323,322.5,325,325.5,326,326.5,327
1684890330921733233,324.5,324,323.5,323,322.5,325,325.5,326,326.5,327
1684890330952391386,324.5,324,323.5,323,322.5,325,325.5,326,326.5,327
1684890332137906338,324.5,324,323.5,323,322.5,325,325.5,326,326.5,327
1684890332317433972,324.5,324,323.5,323,322.5,325,325.5,326,326.5,327
1684890332346971431,324.5,324,323.5,323,322.5,325,325.5,326,326.5,327
1684890332356990743,324.5,324,323.5,323,322.5,325,325.5,326,326.5,327
1684890332356990743,324.5,324,323.5,323,322.5,325,325.5,326,326.5,327
1684890332377636036,324.5,324,323.5,323,322.5,325,325.5,326,326.5,327
1684890332377636036,324.5,324,323.5,323,322.5,325,325.5,326,326.5,327
1684890332377888299,324.5,324,323.5,323,322.5,325,325.5,326,326.5,327
1684890332397990473,324.5,324,323.5,323,322.5,325,325.5,326,326.5,327
1684890332410024407,324.5,324,323.5,323,322.5,325,325.5,326,326.5,327
1684890332673593385,324.5,324,323.5,323,322.5,325,325.5,326,326.5,327
1684890332935590572,324.5,324,323.5,323,322.5,325,325.5,326,326.5,327
1684890333151874459,324.5,324,323.5,323,322.5,325,325.5,326,326.5,327
1684890333454805021,324.5,324,323.5,323,322.5,325,325.5,326,326.5,327
1684890333781583168,324.5,324,323.5,323,322.5,325,325.5,326,326.5,327
1684890334206799108,324.5,324,323.5,323,322.5,325,325.5,326,326.5,327
1684890335088185950,324.5,324,323.5,323,322.5,325,325.5,326,326.5,327
1684890335288882611,324.5,324,323.5,323,322.5,325,325.5,326,326.5,327
1684890335586060381,324.5,324,323.5,323,322.5,325,325.5,326,326.5,327
1684890335733319821,324.5,324,323.5,323,322.5,325,325.5,326,326.5,327
1684890336007643561,324.5,324,323.5,323,322.5,325,325.5,326,326.5,327
1684890336262762083,324.5,324,323.5,323,322.5,325,325.5,326,326.5,327
1684890337106745086,324.5,324,323.5,323,322.5,325,325.5,326,326.5,327
1684890337781401848,324.5,324,323.5,323,322.5,325,325.5,326,326.5,327
1684890337836872348,324.5,324,323.5,323,322.5,325,325.5,326,326.5,327
1684890338235921568,324.5,324,323.5,323,322.5,325,325.5,326,326.5,327
1684890338867176421,324.5,324,323.5,323,322.5,325,325.5,326,326.5,327
1684890339197531113,324.5,324,323.5,323,322.5,325,325.5,326,326.5,327
1684890340133530663,324.5,324,323.5,323,322.5,325,325.5,326,326.5,327
1684890340282970306,325,324.5,324,323.5,323,325.5,326,326.5,327,327.5
1684890340305713778,325,324.5,324,323.5,323,325.5,326,326.5,327,327.5
1684890340305713778,325,324.5,324,323.5,323,325.5,326,326.5,327,327.5
1684890340864062164,325,324.5,324,323.5,323,325.5,326,326.5,327,327.5
1684890340894406708,325,324.5,324,323.5,323,325.5,326,326.5,327,327.5
1684890342198796384,325,324.5,324,323.5,323,325.5,326,326.5,327,327.5
1684890342299127723,325,324.5,324,323.5,323,325.5,326,326.5,327,327.5
1684890343245700555,325,324.5,324,323.5,323,325.5,326,326.5,327,327.5
1684890343409192833,325,324.5,324,323.5,323,325.5,326,326.5,327,327.5
1684890343431757429,325,324.5,324,323.5,323,325.5,326,326.5,327,327.5
1684890344095363573,325,324.5,324,323.5,323,325.5,326,326.5,327,327.5
1684890344095388129,325,324.5,324,323.5,323,325.5,326,326.5,327,327.5
1684890344373159593,325,324.5,324,323.5,323,325.5,326,326.5,327,327.5
1684890345013211923,325,324.5,324,323.5,323,325.5,326,326.5,327,327.5
1684890345047716638,325,324.5,324,323.5,323,326,326.5,327,327.5,328
1684890345083930802,325,324.5,324,323.5,323,326,326.5,327,327.5,328
1684890345819538023,325,324.5,324,323.5,323,326,326.5,327,327.5,328
1684890346163924571,325,324.5,324,323.5,323,326,326.5,327,327.5,328
1684890346493436932,325.5,325,324.5,324,323.5,326,326.5,327,327.5,328
1684890346528073404,325.5,325,324.5,324,323.5,326,326.5,327,327.5,328
1684890346528179934,325.5,325,324.5,324,323.5,326,326.5,327,327.5,328
1684890346582856794,325.5,325,324.5,324,323.5,326,326.5,327,327.5,328
1684890347196014598,325.5,325,324.5,324,323.5,326,326.5,327,327.5,328
1684890349796033793,325.5,325,324.5,324,323.5,326,326.5,327,327.5,328
1684890351133086898,325.5,325,324.5,324,323.5,326,326.5,327,327.5,328
1684890352746328855,325.5,325,324.5,324,323.5,326,326.5,327,327.5,328
1684890352868035287,325.5,325,324.5,324,323.5,326,326.5,327,327.5,328
1684890356734708088,325.5,325,324.5,324,323.5,326,326.5,327,327.5,328
1684890356960987382,325.5,325,324.5,324,323.5,326,326.5,327,327.5,328
1684890357854083859,325.5,325,324.5,324,323.5,326,326.5,327,327.5,328
1684890358429415482,325.5,325,324.5,324,323.5,326,326.5,327,327.5,328
1684890359140192953,325.5,325,324.5,324,323.5,326,326.5,327,327.5,328
1684890360101199275,325.5,325,324.5,324,323.5,326,326.5,327,327.5,328
1684890360913769649,325.5,325,324.5,324,323.5,326,326.5,327,327.5,328
1684890361912163589,325.5,325,324.5,324,323.5,326,326.5,327,327.5,328
1684890361955899817,325.5,325,324.5,324,323.5,326,326.5,327,327.5,328
1684890362880830274,325.5,325,324.5,324,323.5,326,326.5,327,327.5,328
1684890362947572387,325.5,325,324.5,324,323.5,326,326.5,327,327.5,328
1684890363656265094,325.5,325,324.5,324,323.5,326,326.5,327,327.5,328
1684890364028947199,325.5,325,324.5,324,323.5,326,326.5,327,327.5,328
1684890364143903256,325.5,325,324.5,324,323.5,326,326.5,327,327.5,328
1684890364391195845,325.5,325,324.5,324,323.5,326,326.5,327,327.5,328
1684890364502848920,325.5,325,324.5,324,323.5,326,326.5,327,327.5,328
1684890364609315018,325.5,325,324.5,324,323.5,326,326.5,327,327.5,328
1684890364814101027,326,325.5,325,324.5,324,326.5,327,327.5,328,328.5
1684890364834567864,326,325.5,325,324.5,324,326.5,327,327.5,328,328.5
1684890364834567864,326,325.5,325,324.5,324,326.5,327,327.5,328,328.5
1684890364834582452,326,325.5,325,324.5,324,326.5,327,327.5,328,328.5
1684890365651814559,326,325.5,325,324.5,324,326.5,327,327.5,328,328.5
1684890365809552111,326,325.5,325,324.5,324,326.5,327,327.5,328,328.5
1684890367494168920,326,325.5,325,324.5,324,326.5,327,327.5,328,328.5
1684890367540176803,326,325.5,325,324.5,324,326.5,327,327.5,328,328.5
1684890368017165841,326,325.5,325,324.5,324,326.5,327,327.5,328,328.5
1684890368039827700,326,325.5,325,324.5,324,326.5,327,327.5,328,328.5
1684890368062365686,326,325.5,325,324.5,324,326.5,327,327.5,328,328.5
1684890369308452245,326,325.5,325,324.5,324,326.5,327,327.5,328,328.5
1684890369453993619,326,325.5,325,324.5,324,326.5,327,327.5,328,328.5
1684890369643866297,326,325.5,325,324.5,324,326.5,327,327.5,328,328.5
1684890369853275667,326,325.5,325,324.5,324,326.5,327,327.5,328,328.5
1684890369906749868,326,325.5,325,324.5,324,326.5,327,327.5,328,328.5
1684890372566175695,326,325.5,325,324.5,324,326.5,327,327.5,328,328.5
1684890373945354984,326,325.5,325,324.5,324,326.5,327,327.5,328,328.5
1684890375094418216,326,325.5,325,324.5,324,326.5,327,327.5,328,328.5
1684890375125057644,326,325.5,325,324.5,324,326.5,327,327.5,328,328.5
1684890376383312009,326,325.5,325,324.5,324,326.5,327,327.5,328,328.5
1684890376508255949,326,325.5,325,324.5,324,326.5,327,327.5,328,328.5
1684890376906202540,326,325.5,325,324.5,324,326.5,327,327.5,328,328.5
1684890376928195172,326,325.5,325,324.5,324,326.5,327,327.5,328,328.5
1684890376961002240,326,325.5,325,324.5,324,326.5,327,327.5,328,328.5
1684890376961064687,326,325.5,325,324.5,324,326.5,327,327.5,328,328.5
1684890377118659582,326,325.5,325,324.5,324,326.5,327,327.5,328,328.5
1684890377518072957,326,325.5,325,324.5,324,326.5,327,327.5,328,328.5
1684890377669959934,326,325.5,325,324.5,324,326.5,327,327.5,328,328.5
1684890379719718801,326,325.5,325,324.5,324,326.5,327,327.5,328,328.5
1684890379949329761,326,325.5,325,324.5,324,326.5,327,327.5,328,328.5
1684890380178887170,326,325.5,325,324.5,324,326.5,327,327.5,328,328.5
1684890380244097817,326,325.5,325,324.5,324,326.5,327,327.5,328,328.5
1684890380264334032,326,325.5,325,324.5,324,326.5,327,327.5,328,328.5
1684890380274550604,326,325.5,325,324.5,324,326.5,327,327.5,328,328.5
1684890380758088138,326,325.5,325,324.5,324,326.5,327,327.5,328,328.5
1684890381461533272,326,325.5,325,324.5,324,326.5,327,327.5,328,328.5
1684890381893586992,326,325.5,325,324.5,324,326.5,327,327.5,328,328.5
1684890381928618806,326,325.5,325,324.5,324,326.5,327,327.5,328,328.5
1684890381928618806,326,325.5,325,324.5,324,326.5,327,327.5,328,328.5
1684890381960114291,326,325.5,325,324.5,324,326.5,327,327.5,328,328.5
1684890381960114291,326,325.5,325,324.5,324,326.5,327,327.5,328,328.5
1684890381980849703,326,325.5,325,324.5,324,326.5,327,327.5,328,328.5
1684890381980849703,326,325.5,325,324.5,324,326.5,327,327.5,328,328.5
1684890382234772800,326,325.5,325,324.5,324,326.5,327,327.5,328,328.5
1684890382860368257,326,325.5,325,324.5,324,326.5,327,327.5,328,328.5
1684890383215612642,326,325.5,325,324.5,324,326.5,327,327.5,328,328.5
1684890383441961005,326,325.5,325,324.5,324,326.5,327,327.5,328,328.5
1684890384422929428,326,325.5,325,324.5,324,326.5,327,327.5,328,328.5
1684890385262814337,326,325.5,325,324.5,324,326.5,327,327.5,328,328.5
1684890385453109850,326,325.5,325,324.5,324,326.5,327,327.5,328,328.5
1684890385494176054,326,325.5,325,324.5,324,326.5,327,327.5,328,328.5
1684890386826089098,326,325.5,325,324.5,324,327,327.5,328,328.5,329
1684890386858292342,326,325.5,325,324.5,324,327,327.5,328,328.5,329
1684890387189620222,326,325.5,325,324.5,324,327,327.5,328,328.5,329
1684890388306958097,326.5,326,325.5,325,324.5,327,327.5,328,328.5,329
1684890388342004840,326.5,326,325.5,325,324.5,327,327.5,328,328.5,329
1684890388342004840,326,325.5,325,324.5,324,327,327.5,328,328.5,329
1684890388387109697,326,325.5,325,324.5,324,327,327.5,328,328.5,329
1684890388387109697,326,325.5,325,324.5,324,327,327.5,328,328.5,329
1684890388387109697,326.5,326,325.5,325,324.5,327,327.5,328,328.5,329
1684890388397395670,326,325.5,325,324.5,324,327,327.5,328,328.5,329
1684890388419871159,326,325.5,325,324.5,324,327,327.5,328,328.5,329
1684890388419871159,326,325.5,325,324.5,324,327,327.5,328,328.5,329
1684890388429925657,326,325.5,325,324.5,324,327,327.5,328,328.5,329
1684890388800499414,326,325.5,325,324.5,324,326.5,327,327.5,328,328.5
1684890388833465770,326,325.5,325,324.5,324,326.5,327,327.5,328,328.5
1684890389269010895,326,325.5,325,324.5,324,326.5,327,327.5,328,328.5
1684890389424297646,326,325.5,325,324.5,324,326.5,327,327.5,328,328.5
1684890389568548326,326,325.5,325,324.5,324,326.5,327,327.5,328,328.5
1684890390524301505,326,325.5,325,324.5,324,326.5,327,327.5,328,328.5
1684890390565132959,326,325.5,325,324.5,324,326.5,327,327.5,328,328.5
1684890390596023668,326,325.5,325,324.5,324,327,327.5,328,328.5,329
1684890390828559941,326,325.5,325,324.5,324,326.5,327,327.5,328,328.5
1684890391261687055,326,325.5,325,324.5,324,326.5,327,327.5,328,328.5
1684890391394817556,326,325.5,325,324.5,324,327,327.5,328,328.5,329
1684890392053180306,326,325.5,325,324.5,324,327,327.5,328,328.5,329
1684890392073013985,326,325.5,325,324.5,324,327,327.5,328,328.5,329
1684890393140651204,326,325.5,325,324.5,324,327,327.5,328,328.5,329
1684890394668323860,326,325.5,325,324.5,324,327,327.5,328,328.5,329
1684890394807533365,326,325.5,325,324.5,324,326.5,327,327.5,328,328.5
1684890395401805500,0,0,0,0,0,0,0,0,0,0
1684890395401805500,326,325.5,325,324.5,324,327,327.5,328,328.5,329
1684890395432312188,326,325.5,325,324.5,324,327,327.5,328,328.5,329
1684890395432543723,326,325.5,325,324.5,324,327,327.5,328,328.5,329
1684890395432543723,326,325.5,325,324.5,324,327,327.5,328,328.5,329
1684890395463830135,326,325.5,325,324.5,324,327,327.5,328,328.5,329
1684890395573605386,326.5,326,325.5,325,324.5,327,327.5,328,328.5,329
1684890395595020834,326.5,326,325.5,325,324.5,327,327.5,328,328.5,329
1684890396069038664,326.5,326,325.5,325,324.5,327,327.5,328,328.5,329
1684890396209294153,326.5,326,325.5,325,324.5,327,327.5,328,328.5,329
1684890396520791410,326.5,326,325.5,325,324.5,327,327.5,328,328.5,329
1684890396553438827,326.5,326,325.5,325,324.5,327,327.5,328,328.5,329
1684890397051777040,326.5,326,325.5,325,324.5,327,327.5,328,328.5,329
1684890397813003804,326.5,326,325.5,325,324.5,327,327.5,328,328.5,329
1684890398130485426,326.5,326,325.5,325,324.5,327,327.5,328,328.5,329
1684890398166086570,326.5,326,325.5,325,324.5,327,327.5,328,328.5,329
1684890398166086570,326.5,326,325.5,325,324.5,327,327.5,328,328.5,329
1684890398227713198,326.5,326,325.5,325,324.5,327,327.5,328,328.5,329
1684890399106740008,326.5,326,325.5,325,324.5,327,327.5,328,328.5,329
1684890399821067285,326.5,326,325.5,325,324.5,327,327.5,328,328.5,329
1684890399821135463,326.5,326,325.5,325,324.5,327,327.5,328,328.5,329
1684890401455502815,326.5,326,325.5,325,324.5,327,327.5,328,328.5,329
1684890401500453363,326.5,326,325.5,325,324.5,327,327.5,328,328.5,329
1684890401931665893,326.5,326,325.5,325,324.5,327,327.5,328,328.5,329
1684890402052273862,326.5,326,325.5,325,324.5,327,327.5,328,328.5,329
1684890402153537842,326.5,326,325.5,325,324.5,327,327.5,328,328.5,329
1684890403620139513,326.5,326,325.5,325,324.5,327,327.5,328,328.5,329
1684890403695871996,326.5,326,325.5,325,324.5,327,327.5,328,328.5,329
1684890403806361558,326.5,326,325.5,325,324.5,327,327.5,328,328.5,329
1684890404141508789,326.5,326,325.5,325,324.5,327,327.5,328,328.5,329
1684890404469269060,326.5,326,325.5,325,324.5,327,327.5,328,328.5,329
1684890404479293782,326.5,326,325.5,325,324.5,327,327.5,328,328.5,329
1684890404852988068,326.5,326,325.5,325,324.5,327,327.5,328,328.5,329
1684890404981755497,326.5,326,325.5,325,324.5,327,327.5,328,328.5,329
1684890404996257987,326.5,326,325.5,325,324.5,327,327.5,328,328.5,329
1684890405134619499,326.5,326,325.5,325,324.5,327,327.5,328,328.5,329
1684890405395968640,326.5,326,325.5,325,324.5,327,327.5,328,328.5,329
1684890406027448364,326.5,326,325.5,325,324.5,327,327.5,328,328.5,329
1684890406811858406,326.5,326,325.5,325,324.5,327,327.5,328,328.5,329
1684890406843137555,326.5,326,325.5,325,324.5,327,327.5,328,328.5,329
1684890407687492306,326.5,326,325.5,325,324.5,327,327.5,328,328.5,329
1684890407720275769,326.5,326,325.5,325,324.5,327,327.5,328,328.5,329
1684890407845250678,326.5,326,325.5,325,324.5,327,327.5,328,328.5,329
1684890407867688857,326.5,326,325.5,325,324.5,327,327.5,328,328.5,329
1684890407980403567,326.5,326,325.5,325,324.5,327,327.5,328,328.5,329
1684890408068427177,326.5,326,325.5,325,324.5,327,327.5,328,328.5,329
1684890408298719676,326.5,326,325.5,325,324.5,327,327.5,328,328.5,329
1684890409032140662,326.5,326,325.5,325,324.5,327,327.5,328,328.5,329
1684890409052454042,326.5,326,325.5,325,324.5,327,327.5,328,328.5,329
1684890409072957409,326.5,326,325.5,325,324.5,327,327.5,328,328.5,329
1684890410135821326,326.5,326,325.5,325,324.5,327,327.5,328,328.5,329
1684890410843580701,326.5,326,325.5,325,324.5,327,327.5,328,328.5,329
1684890411753788225,326.5,326,325.5,325,324.5,327,327.5,328,328.5,329
1684890412032540461,326.5,326,325.5,325,324.5,327,327.5,328,328.5,329
1684890412513665144,326.5,326,325.5,325,324.5,327.5,328,328.5,329,329.5
1684890412547624215,326.5,326,325.5,325,324.5,327.5,328,328.5,329,329.5
1684890412757354477,326.5,326,325.5,325,324.5,327,327.5,328,328.5,329
1684890412864807317,326.5,326,325.5,325,324.5,327.5,328,328.5,329,329.5
1684890413018391201,327,326.5,326,325.5,325,327.5,328,328.5,329,329.5
1684890413051129038,327,326.5,326,325.5,325,327.5,328,328.5,329,329.5
1684890413051201625,326.5,326,325.5,325,324.5,327.5,328,328.5,329,329.5
1684890413083960472,326.5,326,325.5,325,324.5,327.5,328,328.5,329,329.5
1684890413084014243,326.5,326,325.5,325,324.5,327.5,328,328.5,329,329.5
1684890413126995873,326.5,326,325.5,325,324.5,327.5,328,328.5,329,329.5
1684890413886757366,327,326.5,326,325.5,325,327.5,328,328.5,329,329.5
1684890413917587081,327,326.5,326,325.5,325,327.5,328,328.5,329,329.5
1684890413917587081,326.5,326,325.5,325,324.5,327.5,328,328.5,329,329.5
1684890414035078108,326.5,326,325.5,325,324.5,327.5,328,328.5,329,329.5
1684890414035078108,326.5,326,325.5,325,324.5,327.5,328,328.5,329,329.5
1684890414074215220,326.5,326,325.5,325,324.5,327.5,328,328.5,329,329.5
1684890415071553368,326.5,326,325.5,325,324.5,327.5,328,328.5,329,329.5
1684890415799908253,326.5,326,325.5,325,324.5,327.5,328,328.5,329,329.5
1684890416887193713,326.5,326,325.5,325,324.5,327.5,328,328.5,329,329.5
1684890416899418256,326.5,326,325.5,325,324.5,327.5,328,328.5,329,329.5
1684890416930207584,326.5,326,325.5,325,324.5,327.5,328,328.5,329,329.5
1684890417161184559,326.5,326,325.5,325,324.5,327.5,328,328.5,329,329.5
1684890419011998765,327,326.5,326,325.5,325,327.5,328,328.5,329,329.5
1684890419045343943,327,326.5,326,325.5,325,327.5,328,328.5,329,329.5
1684890419045343943,326.5,326,325.5,325,324.5,327.5,328,328.5,329,329.5
1684890419397037551,326.5,326,325.5,325,324.5,327.5,328,328.5,329,329.5
1684890419428224647,326.5,326,325.5,325,324.5,327.5,328,328.5,329,329.5
1684890419820934215,326.5,326,325.5,325,324.5,327.5,328,328.5,329,329.5
1684890420373878394,327,326.5,326,325.5,325,327.5,328,328.5,329,329.5
1684890420395339789,327,326.5,326,325.5,325,327.5,328,328.5,329,329.5
1684890420395339789,326.5,326,325.5,325,324.5,327.5,328,328.5,329,329.5
1684890420424073418,326.5,326,325.5,325,324.5,327.5,328,328.5,329,329.5
1684890420424073418,326.5,326,325.5,325,324.5,327.5,328,328.5,329,329.5
1684890420444551127,326.5,326,325.5,325,324.5,327.5,328,328.5,329,329.5
1684890421123500569,326.5,326,325.5,325,324.5,327.5,328,328.5,329,329.5
1684890421248411337,327,326.5,326,325.5,325,327.5,328,328.5,329,329.5
1684890421279323447,327,326.5,326,325.5,325,327.5,328,328.5,329,329.5
1684890421279323447,326.5,326,325.5,325,324.5,327.5,328,328.5,329,329.5
1684890422059578758,326.5,326,325.5,325,324.5,327.5,328,328.5,329,329.5
1684890422092393710,326.5,326,325.5,325,324.5,327.5,328,328.5,329,329.5
1684890422842646610,326.5,326,325.5,325,324.5,327.5,328,328.5,329,329.5
1684890423292269747,326.5,326,325.5,325,324.5,327,327.5,328,328.5,329
1684890423335446875,326.5,326,325.5,325,324.5,327,327.5,328,328.5,329
1684890423335685493,326.5,326,325.5,325,324.5,327,327.5,328,328.5,329
1684890423368716531,326.5,326,325.5,325,324.5,327,327.5,328,328.5,329
1684890423368716531,326,325.5,325,324.5,324,326.5,327,327.5,328,328.5
1684890423402917215,326,325.5,325,324.5,324,326.5,327,327.5,328,328.5
1684890423402917215,326,325.5,325,324.5,324,326.5,327,327.5,328,328.5
1684890423402917215,326,325.5,325,324.5,324,326.5,327,327.5,328,328.5
1684890423413149276,326,325.5,325,324.5,324,326.5,327,327.5,328,328.5
1684890423445977523,326,325.5,325,324.5,324,326.5,327,327.5,328,328.5
1684890423507454931,326,325.5,325,324.5,324,326.5,327,327.5,328,328.5
1684890423538185991,326,325.5,325,324.5,324,326.5,327,327.5,328,328.5
1684890423538185991,326,325.5,325,324.5,324,326.5,327,327.5,328,328.5
1684890423657029868,326,325.5,325,324.5,324,326.5,327,327.5,328,328.5
1684890423689721288,326,325.5,325,324.5,324,326.5,327,327.5,328,328.5
1684890423725509884,326,325.5,325,324.5,324,326.5,327,327.5,328,328.5
1684890423736027521,326,325.5,325,324.5,324,326.5,327,327.5,328,328.5
1684890423756456859,326,325.5,325,324.5,324,326.5,327,327.5,328,328.5
1684890423788952301,326,325.5,325,324.5,324,326.5,327,327.5,328,328.5
1684890423788952301,326,325.5,325,324.5,324,326.5,327,327.5,328,328.5
1684890423823984486,326,325.5,325,324.5,324,326.5,327,327.5,328,328.5
1684890424326624156,326,325.5,325,324.5,324,326.5,327,327.5,328,328.5
1684890424326704957,326,325.5,325,324.5,324,326.5,327,327.5,328,328.5
1684890424359606442,326,325.5,325,324.5,324,327,327.5,328,328.5,329
1684890424392234854,326,325.5,325,324.5,324,327,327.5,328,328.5,329
1684890424424888844,326,325.5,325,324.5,324,327,327.5,328,328.5,329
1684890424435247223,326,325.5,325,324.5,324,327,327.5,328,328.5,329
1684890424455709201,326,325.5,325,324.5,324,327,327.5,328,328.5,329
1684890424589823279,326,325.5,325,324.5,324,327,327.5,328,328.5,329
1684890425211282290,326,325.5,325,324.5,324,327,327.5,328,328.5,329
1684890425244183965,326,325.5,325,324.5,324,327,327.5,328,328.5,329
1684890425991585731,326,325.5,325,324.5,324,327,327.5,328,328.5,329
1684890426395165749,326,325.5,325,324.5,324,327,327.5,328,328.5,329
1684890426811018330,326,325.5,325,324.5,324,327,327.5,328,328.5,329
1684890427460936314,326.5,326,325.5,325,324.5,327,327.5,328,328.5,329
1684890427479992042,326.5,326,325.5,325,324.5,327,327.5,328,328.5,329
1684890427479992042,326,325.5,325,324.5,324,327,327.5,328,328.5,329
1684890427500143668,326,325.5,325,324.5,324,327,327.5,328,328.5,329
1684890427520688052,326,325.5,325,324.5,324,327,327.5,328,328.5,329
1684890427520688052,326,325.5,325,324.5,324,327,327.5,328,328.5,329
1684890428006273270,326,325.5,325,324.5,324,327,327.5,328,328.5,329
1684890428026392886,326,325.5,325,324.5,324,327,327.5,328,328.5,329
1684890428049185451,326,325.5,325,324.5,324,327,327.5,328,328.5,329
1684890428091937881,326,325.5,325,324.5,324,327,327.5,328,328.5,329
1684890428184632622,326,325.5,325,324.5,324,327,327.5,328,328.5,329
1684890428309974499,326,325.5,325,324.5,324,327,327.5,328,328.5,329
1684890428320193015,326.5,326,325.5,325,324.5,327,327.5,328,328.5,329
1684890428342266089,326.5,326,325.5,325,324.5,327,327.5,328,328.5,329
1684890428342266089,326,325.5,325,324.5,324,327,327.5,328,328.5,329
1684890428474919094,326,325.5,325,324.5,324,327,327.5,328,328.5,329
1684890428495655418,326,325.5,325,324.5,324,327,327.5,328,328.5,329
1684890428515967335,326,325.5,325,324.5,324,327,327.5,328,328.5,329
1684890429166353628,326,325.5,325,324.5,324,327,327.5,328,328.5,329
1684890430882373148,326,325.5,325,324.5,324,327,327.5,328,328.5,329
1684890432322617292,326,325.5,325,324.5,324,327,327.5,328,328.5,329
1684890433006429675,326,325.5,325,324.5,324,327,327.5,328,328.5,329
1684890435673592550,326,325.5,325,324.5,324,327,327.5,328,328.5,329
1684890436605644680,326,325.5,325,324.5,324,327,327.5,328,328.5,329
1684890436720180809,326,325.5,325,324.5,324,327,327.5,328,328.5,329
1684890436742767156,326,325.5,325,324.5,324,327,327.5,328,328.5,329
1684890437170790438,326,325.5,325,324.5,324,327,327.5,328,328.5,329
1684890437203669621,325.5,325,324.5,324,323.5,327,327.5,328,328.5,329
1684890437203669621,325.5,325,324.5,324,323.5,326.5,327,327.5,328,328.5
1684890437203669621,325.5,325,324.5,324,323.5,326.5,327,327.5,328,328.5
1684890437246570611,325.5,325,324.5,324,323.5,326.5,327,327.5,328,328.5
1684890437246570611,325.5,325,324.5,324,323.5,326.5,327,327.5,328,328.5
1684890437246570611,325.5,325,324.5,324,323.5,326.5,327,327.5,328,328.5
1684890437246570611,325.5,325,324.5,324,323.5,326.5,327,327.5,328,328.5
1684890437246738035,325.5,325,324.5,324,323.5,326.5,327,327.5,328,328.5
1684890437256815356,325.5,325,324.5,324,323.5,326.5,327,327.5,328,328.5
1684890437277285219,325.5,325,324.5,324,323.5,326.5,327,327.5,328,328.5
1684890437277285219,325.5,325,324.5,324,323.5,326.5,327,327.5,328,328.5
1684890437348923435,326,325.5,325,324.5,324,326.5,327,327.5,328,328.5
1684890437379662319,326,325.5,325,324.5,324,326.5,327,327.5,328,328.5
1684890437379687837,325.5,325,324.5,324,323.5,326.5,327,327.5,328,328.5
1684890437514828452,325.5,325,324.5,324,323.5,326.5,327,327.5,328,328.5
1684890437535806891,325.5,325,324.5,324,323.5,326.5,327,327.5,328,328.5
1684890437799513107,325.5,325,324.5,324,323.5,326.5,327,327.5,328,328.5
1684890437978652403,325.5,325,324.5,324,323.5,326.5,327,327.5,328,328.5
1684890438021704005,325.5,325,324.5,324,323.5,326.5,327,327.5,328,328.5
1684890438021704005,325.5,325,324.5,324,323.5,326.5,327,327.5,328,328.5
1684890438056924143,325.5,325,324.5,324,323.5,326.5,327,327.5,328,328.5
1684890439614439561,325.5,325,324.5,324,323.5,326.5,327,327.5,328,328.5
1684890440256168139,326,325.5,325,324.5,324,326.5,327,327.5,328,328.5
1684890440287244768,326,325.5,325,324.5,324,326.5,327,327.5,328,328.5
1684890440287244768,325.5,325,324.5,324,323.5,326.5,327,327.5,328,328.5
1684890440287371566,325.5,325,324.5,324,323.5,326.5,327,327.5,328,328.5
1684890440387453446,325.5,325,324.5,324,323.5,326.5,327,327.5,328,328.5
1684890440418971934,325.5,325,324.5,324,323.5,326.5,327,327.5,328,328.5
1684890440418971934,325.5,325,324.5,324,323.5,327,327.5,328,328.5,329
1684890440451821962,325.5,325,324.5,324,323.5,326.5,327,327.5,328,328.5
1684890440487657706,325.5,325,324.5,324,323.5,327,327.5,328,328.5,329
1684890440509838472,325.5,325,324.5,324,323.5,326.5,327,327.5,328,328.5
1684890440521347581,325.5,325,324.5,324,323.5,326.5,327,327.5,328,328.5
1684890441710244324,325.5,325,324.5,324,323.5,326.5,327,327.5,328,328.5
1684890441730883495,325.5,325,324.5,324,323.5,326.5,327,327.5,328,328.5
1684890442675840294,325.5,325,324.5,324,323.5,326.5,327,327.5,328,328.5
1684890443151093784,325.5,325,324.5,324,323.5,326.5,327,327.5,328,328.5
1684890443577025229,325.5,325,324.5,324,323.5,326.5,327,327.5,328,328.5
1684890444461741843,325.5,325,324.5,324,323.5,326.5,327,327.5,328,328.5
1684890445244515472,325.5,325,324.5,324,323.5,326.5,327,327.5,328,328.5
1684890446329481488,326,325.5,325,324.5,324,326.5,327,327.5,328,328.5
1684890446360875593,325.5,325,324.5,324,323.5,326,326.5,327,327.5,328
1684890446980303830,325.5,325,324.5,324,323.5,326,326.5,327,327.5,328
1684890447010689191,325.5,325,324.5,324,323.5,326.5,327,327.5,328,328.5
1684890447010734526,325.5,325,324.5,324,323.5,326.5,327,327.5,328,328.5
1684890447043171849,325.5,325,324.5,324,323.5,326.5,327,327.5,328,328.5
1684890447043171849,325.5,325,324.5,324,323.5,326.5,327,327.5,328,328.5
1684890447475427358,325.5,325,324.5,324,323.5,326.5,327,327.5,328,328.5
1684890448302894382,325.5,325,324.5,324,323.5,326.5,327,327.5,328,328.5
1684890448335574822,325.5,325,324.5,324,323.5,326.5,327,327.5,328,328.5
1684890448960265630,325.5,325,324.5,324,323.5,326.5,327,327.5,328,328.5
1684890449212190295,325.5,325,324.5,324,323.5,326.5,327,327.5,328,328.5
1684890451963917205,325.5,325,324.5,324,323.5,326.5,327,327.5,328,328.5
1684890452001826202,325.5,325,324.5,324,323.5,326.5,327,327.5,328,328.5
1684890452001826202,325.5,325,324.5,324,323.5,326.5,327,327.5,328,328.5
1684890452418801220,325.5,325,324.5,324,323.5,326.5,327,327.5,328,328.5
1684890452598901571,325.5,325,324.5,324,323.5,326.5,327,327.5,328,328.5
1684890452759249074,325.5,325,324.5,324,323.5,326.5,327,327.5,328,328.5
1684890454011216967,325.5,325,324.5,324,323.5,326.5,327,327.5,328,328.5
1684890454011358993,325.5,325,324.5,324,323.5,326.5,327,327.5,328,328.5
1684890454583080639,325.5,325,324.5,324,323.5,326.5,327,327.5,328,328.5
1684890454739694362,325.5,325,324.5,324,323.5,326.5,327,327.5,328,328.5
1684890455556930627,325.5,325,324.5,324,323.5,326.5,327,327.5,328,328.5
1684890456573659573,325.5,325,324.5,324,323.5,326.5,327,327.5,328,328.5
1684890457330652307,325.5,325,324.5,324,323.5,326.5,327,327.5,328,328.5
1684890457812709342,325.5,325,324.5,324,323.5,326.5,327,327.5,328,328.5
1684890457823095071,326,325.5,325,324.5,324,326.5,327,327.5,328,328.5
1684890457843692565,326,325.5,325,324.5,324,326.5,327,327.5,328,328.5
1684890457843692565,325.5,325,324.5,324,323.5,326.5,327,327.5,328,328.5
1684890459575071834,325.5,325,324.5,324,323.5,326.5,327,327.5,328,328.5
1684890459607914990,325.5,325,324.5,324,323.5,326.5,327,327.5,328,328.5
1684890459607914990,325.5,325,324.5,324,323.5,326.5,327,327.5,328,328.5
1684890459641052668,325.5,325,324.5,324,323.5,326.5,327,327.5,328,328.5
1684890460258104383,325.5,325,324.5,324,323.5,326.5,327,327.5,328,328.5
1684890463394661799,325.5,325,324.5,324,323.5,326.5,327,327.5,328,328.5
1684890463993709491,325.5,325,324.5,324,323.5,326.5,327,327.5,328,328.5
1684890464026045634,325,324.5,324,323.5,323,326.5,327,327.5,328,328.5
1684890464058431961,325,324.5,324,323.5,323,326,326.5,327,327.5,328
1684890464058431961,325,324.5,324,323.5,323,326,326.5,327,327.5,328
1684890464058486674,325,324.5,324,323.5,323,326,326.5,327,327.5,328
1684890464068450001,325,324.5,324,323.5,323,326,326.5,327,327.5,328
1684890464068450001,325,324.5,324,323.5,323,326,326.5,327,327.5,328
1684890464078659259,325,324.5,324,323.5,323,326,326.5,327,327.5,328
1684890464195391582,325.5,325,324.5,324,323.5,326,326.5,327,327.5,328
1684890464206765998,325.5,325,324.5,324,323.5,326.5,327,327.5,328,328.5
1684890464239496532,325.5,325,324.5,324,323.5,326.5,327,327.5,328,328.5
1684890464239496532,325,324.5,324,323.5,323,326.5,327,327.5,328,328.5
1684890464239609013,325,324.5,324,323.5,323,326.5,327,327.5,328,328.5
1684890464239609013,325,324.5,324,323.5,323,326.5,327,327.5,328,328.5
1684890464272393799,325,324.5,324,323.5,323,326.5,327,327.5,328,328.5
1684890464304930930,325,324.5,324,323.5,323,326.5,327,327.5,328,328.5
1684890464370979540,325,324.5,324,323.5,323,326.5,327,327.5,328,328.5
1684890466492371154,325,324.5,324,323.5,323,326,326.5,327,327.5,328
1684890467113236981,325,324.5,324,323.5,323,326,326.5,327,327.5,328
1684890467381569864,325,324.5,324,323.5,323,326,326.5,327,327.5,328
1684890468083124760,325,324.5,324,323.5,323,326,326.5,327,327.5,328
1684890469124317709,325,324.5,324,323.5,323,326,326.5,327,327.5,328
1684890469411083722,325,324.5,324,323.5,323,326,326.5,327,327.5,328
1684890469679558010,325,324.5,324,323.5,323,326,326.5,327,327.5,328
1684890469701800502,325,324.5,324,323.5,323,326,326.5,327,327.5,328
1684890469712097896,325,324.5,324,323.5,323,325.5,326,326.5,327,327.5
1684890469880284688,325,324.5,324,323.5,323,326,326.5,327,327.5,328
1684890470269853639,325,324.5,324,323.5,323,326,326.5,327,327.5,328
1684890470375377748,325,324.5,324,323.5,323,326,326.5,327,327.5,328
1684890470891560475,325,324.5,324,323.5,323,325.5,326,326.5,327,327.5
1684890470969292442,325,324.5,324,323.5,323,325.5,326,326.5,327,327.5
1684890473105237792,325,324.5,324,323.5,323,325.5,326,326.5,327,327.5
1684890473127861930,325,324.5,324,323.5,323,325.5,326,326.5,327,327.5
1684890473160520399,325,324.5,324,323.5,323,325.5,326,326.5,327,327.5
1684890474014118246,325,324.5,324,323.5,323,325.5,326,326.5,327,327.5
1684890474325138327,325,324.5,324,323.5,323,325.5,326,326.5,327,327.5
1684890476581951043,325,324.5,324,323.5,323,326,326.5,327,327.5,328
1684890478410019333,325.5,325,324.5,324,323.5,326,326.5,327,327.5,328
1684890478441438585,325.5,325,324.5,324,323.5,326,326.5,327,327.5,328
1684890479719637589,325.5,325,324.5,324,323.5,326,326.5,327,327.5,328
1684890481708370157,325.5,325,324.5,324,323.5,326,326.5,327,327.5,328
1684890481987637881,325.5,325,324.5,324,323.5,326,326.5,327,327.5,328
1684890482028500804,325.5,325,324.5,324,323.5,326,326.5,327,327.5,328
1684890482415674408,325.5,325,324.5,324,323.5,326,326.5,327,327.5,328
1684890484562509154,325.5,325,324.5,324,323.5,326,326.5,327,327.5,328
1684890484607097161,325.5,325,324.5,324,323.5,326,326.5,327,327.5,328
1684890485170231273,325.5,325,324.5,324,323.5,326,326.5,327,327.5,328
1684890485740933484,325,324.5,324,323.5,323,326,326.5,327,327.5,328
1684890485773481495,325,324.5,324,323.5,323,326,326.5,327,327.5,328
1684890485806142889,325,324.5,324,323.5,323,326,326.5,327,327.5,328
1684890486039104400,325,324.5,324,323.5,323,326,326.5,327,327.5,328
1684890486917314869,325,324.5,324,323.5,323,326,326.5,327,327.5,328
1684890488054887027,325,324.5,324,323.5,323,326,326.5,327,327.5,328
1684890490045588011,325,324.5,324,323.5,323,326,326.5,327,327.5,328
1684890490475740721,325,324.5,324,323.5,323,326,326.5,327,327.5,328
1684890491746445565,325,324.5,324,323.5,323,326,326.5,327,327.5,328
1684890493225101680,325,324.5,324,323.5,323,326.5,327,327.5,328,328.5
1684890493257915461,325,324.5,324,323.5,323,326,326.5,327,327.5,328
1684890493354812752,325,324.5,324,323.5,323,326.5,327,327.5,328,328.5
1684890495390951078,325,324.5,324,323.5,323,326.5,327,327.5,328,328.5
1684890495557850102,325,324.5,324,323.5,323,326,326.5,327,327.5,328
1684890497481909051,325.5,325,324.5,324,323.5,326,326.5,327,327.5,328
1684890497514781371,325.5,325,324.5,324,323.5,326,326.5,327,327.5,328
1684890497631482956,325.5,325,324.5,324,323.5,326.5,327,327.5,328,328.5
1684890498447583760,325.5,325,324.5,324,323.5,326.5,327,327.5,328,328.5
1684890499654027249,326,325.5,325,324.5,324,326.5,327,327.5,328,328.5
1684890499686623210,326,325.5,325,324.5,324,326.5,327,327.5,328,328.5
1684890499686623210,326,325.5,325,324.5,324,326.5,327,327.5,328,328.5
1684890499884313777,326,325.5,325,324.5,324,326.5,327,327.5,328,328.5
1684890501685562272,326,325.5,325,324.5,324,326.5,327,327.5,328,328.5
1684890502223208068,326,325.5,325,324.5,324,326.5,327,327.5,328,328.5
1684890502695040865,326,325.5,325,324.5,324,326.5,327,327.5,328,328.5
1684890503378177741,326,325.5,325,324.5,324,326.5,327,327.5,328,328.5
1684890503647637099,326,325.5,325,324.5,324,326.5,327,327.5,328,328.5
1684890504206565053,326,325.5,325,324.5,324,326.5,327,327.5,328,328.5
1684890505485669543,326,325.5,325,324.5,324,326.5,327,327.5,328,328.5
1684890505772306166,326,325.5,325,324.5,324,326.5,327,327.5,328,328.5
1684890506727096640,326,325.5,325,324.5,324,326.5,327,327.5,328,328.5
1684890507321645873,326,325.5,325,324.5,324,326.5,327,327.5,328,328.5
1684890507438411319,326,325.5,325,324.5,324,326.5,327,327.5,328,328.5
1684890508116290901,326,325.5,325,324.5,324,326.5,327,327.5,328,328.5
1684890508737033163,326,325.5,325,324.5,324,326.5,327,327.5,328,328.5
1684890510837201304,326,325.5,325,324.5,324,326.5,327,327.5,328,328.5
1684890511241605394,326,325.5,325,324.5,324,326.5,327,327.5,328,328.5
1684890511687071812,326,325.5,325,324.5,324,326.5,327,327.5,328,328.5
1684890512457800967,326,325.5,325,324.5,324,326.5,327,327.5,328,328.5
1684890512820578330,326,325.5,325,324.5,324,326.5,327,327.5,328,328.5
1684890513931876339,326,325.5,325,324.5,324,326.5,327,327.5,328,328.5
1684890513961696839,325.5,325,324.5,324,323.5,326.5,327,327.5,328,328.5
1684890514280924113,325.5,325,324.5,324,323.5,326.5,327,327.5,328,328.5
1684890514311755692,325.5,325,324.5,324,323.5,326.5,327,327.5,328,328.5
1684890514681588051,325.5,325,324.5,324,323.5,326.5,327,327.5,328,328.5
1684890515534700016,325.5,325,324.5,324,323.5,326.5,327,327.5,328,328.5
1684890517114427038,325.5,325,324.5,324,323.5,326.5,327,327.5,328,328.5
1684890517256660412,325.5,325,324.5,324,323.5,326.5,327,327.5,328,328.5
1684890517624128652,325.5,325,324.5,324,323.5,326.5,327,327.5,328,328.5
1684890518145477736,325.5,325,324.5,324,323.5,326.5,327,327.5,328,328.5
1684890518980703548,325.5,325,324.5,324,323.5,326.5,327,327.5,328,328.5
1684890521438707063,325.5,325,324.5,324,323.5,326.5,327,327.5,328,328.5
1684890522699310615,325.5,325,324.5,324,323.5,326.5,327,327.5,328,328.5
1684890522732373143,325,324.5,324,323.5,323,326.5,327,327.5,328,328.5
1684890522765527452,325,324.5,324,323.5,323,326.5,327,327.5,328,328.5
1684890522765527452,325,324.5,324,323.5,323,326.5,327,327.5,328,328.5
1684890522777086836,325,324.5,324,323.5,323,326.5,327,327.5,328,328.5
1684890522797705169,325,324.5,324,323.5,323,326.5,327,327.5,328,328.5
1684890522797705169,325,324.5,324,323.5,323,326.5,327,327.5,328,328.5
1684890522809975808,325,324.5,324,323.5,323,326.5,327,327.5,328,328.5
1684890522831440409,325,324.5,324,323.5,323,326.5,327,327.5,328,328.5
1684890522841547656,325,324.5,324,323.5,323,326.5,327,327.5,328,328.5
1684890522841572333,325,324.5,324,323.5,323,326.5,327,327.5,328,328.5
1684890523213325468,325,324.5,324,323.5,323,326,326.5,327,327.5,328
1684890523245039093,325,324.5,324,323.5,323,326,326.5,327,327.5,328
1684890523277798852,325,324.5,324,323.5,323,326,326.5,327,327.5,328
1684890523339255442,325,324.5,324,323.5,323,326,326.5,327,327.5,328
1684890523911141924,325,324.5,324,323.5,323,326,326.5,327,327.5,328
1684890523943465043,325,324.5,324,323.5,323,326.5,327,327.5,328,328.5
1684890525759014890,326,325,324.5,324,323.5,326.5,327,327.5,328,328.5
1684890525769695264,325,324.5,324,323.5,323,326,326.5,327,327.5,328
1684890525769695264,325,324.5,324,323.5,323,326,326.5,327,327.5,328
1684890525769750808,325,324.5,324,323.5,323,326,326.5,327,327.5,328
1684890525769750808,325,324.5,324,323.5,323,326,326.5,327,327.5,328
1684890525769775745,325,324.5,324,323.5,323,326,326.5,327,327.5,328
1684890525780999398,325,324.5,324,323.5,323,326,326.5,327,327.5,328
1684890525781014897,325,324.5,324,323.5,323,326,326.5,327,327.5,328
