Timestamp,BidPrice0,BidPrice1,BidPrice2,BidPrice3,BidPrice4,AskPrice0,AskPrice1,AskPrice2,AskPrice3,AskPrice4
1684967417237587333,0,0,0,0,0,0,0,0,0,0
1684974617180062334,320.5,320,319.5,319,318,325,329,329.5,330,331
1684974622406554473,320,319.5,319,318,316.5,325,329,329.5,330,331
1684974627420063975,319.5,319,318,316.5,313,325,329,329.5,330,331
1684974632428015882,320,319.5,319,318,316.5,325,329,329.5,330,331
1684974637457451948,320,319.5,319,318,316.5,325,329,329.5,330,331
1684974642470962945,320,319.5,319,318.5,318,325,329,329.5,330,331
1684974647486686466,320,319.5,319,318.5,318,325,329,329.5,330,331
1684974652493987715,320,319.5,319,318.5,318,325,329,329.5,330,331
1684974657515849372,321,320.5,320,319.5,319,325,326,329,329.5,330
1684974662529251546,321,320.5,320,319.5,319,325,326,329,329.5,330
1684974667544889730,320.5,320,319.5,319,318.5,325,326,329,329.5,330
1684974672556523475,320.5,320,319.5,319,318.5,325,326,329,329.5,330
1684974677571909236,320.5,320,319.5,319,318.5,325,326,329,329.5,330
1684974682583768956,320.5,320,319.5,319,318.5,325,326,329,329.5,330
1684974687587145100,321,320.5,320,319.5,319,325,326,329,329.5,330
1684974692616927202,321,320.5,320,319.5,319,325,326,329,329.5,330
1684974702633673235,321,320.5,320,319.5,319,325,326,329,329.5,330
1684974707663470858,321,320.5,320,319.5,319,325,326,329,329.5,330
1684974717692539551,321,320.5,320,319.5,319,325,326,329,329.5,330
1684974722706227690,321,320.5,320,319.5,319,325,326,329,329.5,330
1684974727727877909,321.5,321,320.5,320,319.5,325,326,329,329.5,330
1684974732735381537,321.5,321,320.5,320,319.5,325,326,328,329,329.5
1684974737742769668,321.5,321,320.5,320,319.5,325,326,328,329,329.5
1684974742768492445,322,321.5,321,320.5,320,325,326,328,329,329.5
1684974747790145932,322,321.5,321,320.5,320,325,326,328,329,329.5
1684974762829023434,322,321.5,321,320.5,320,325,326,328,329,329.5
1684974767832088894,322,321.5,321,320.5,320,325,326,328,329,329.5
1684974813001380408,322,321.5,321,320.5,320,325,326,328,329,329.5
1684974873162083339,322,321.5,321,320.5,320,325,326,328,329,329.5
1684974903263899231,324,322,321.5,321,320.5,325,326,328,329,329.5
1684974923326316987,324,322,321.5,321,320.5,325,326,328,329,329.5
1684974928339846422,324,322,321.5,321,320.5,325,326,328,329,329.5
1684974978497930496,324,322,321.5,321,320.5,325,326,328,329,329.5
1684975013617450491,324,322,321.5,321,320.5,325,326,328,328.5,329
1684975048726626552,324,322,321.5,321,320.5,325,326,328,328.5,329
1684975053730005412,324,322,321.5,321,320.5,325,326,328,328.5,329
1684975088853402285,324,322,321.5,321,320.5,325,326,328,328.5,329
1684975093863193779,324,323,322,321.5,321,325,326,328,328.5,329
1684975098882585048,324,323,322,321.5,321,325,326,328,328.5,329
1684975214645161083,324,323,322,321.5,321,325,326,328,328.5,329
1684975249959096485,324,323,322,321.5,321,325,326,328,328.5,329
1684975340244070805,324,323,322,321.5,321,325,326,328,328.5,329
1684975360308584583,324,323,322,321.5,321,325,326,327.5,328,328.5
1684975380373310799,324,323,322,321.5,321,325,326,327.5,328,328.5
1684975390406347840,324,323,322,321.5,321,325,326,327.5,328,328.5
1684975400445642242,324,323,322,321.5,321,325,326,327.5,328,328.5
1684975490728779496,324,323,322,321.5,321,324.5,325,326,327.5,328
1684975510784994242,324,323,322,321.5,321,325,326,327.5,328,328.5
1684975570972308292,324,323,322,321.5,321,325,326,327.5,328,328.5
1684975696372738997,324,323,322,321.5,321,325,326,327.5,328,328.5
1684975706399786293,324,323,322,321.5,321,325,326,327.5,328,328.5
1684975711415417905,324,323,322,321.5,321,325,326,327.5,328,328.5
1684975716438146021,324,323,322,321.5,321,325,326,327.5,328,328.5
1684975776627555940,324,323,322,321.5,321,325,326,327.5,328,328.5
1684975827585415135,324,323,322,321.5,321,325,326,327.5,328,328.5
1684975867724677088,324,323,322,321.5,321,325,326,327.5,328,328.5
1684975872736140929,324,323,322,321.5,321,324.5,325,326,327.5,328
1684975882763229465,324,323,322,321.5,321,324.5,325,326,327.5,328
1684975892796479712,324,323,322,321.5,321,324.5,325,326,327.5,328
1684975912864978823,324,323,322,321.5,321,324.5,325,326,327.5,328
1684975917874576494,324,323,322,321.5,321,324.5,325,326,327.5,328
1684975968034623727,324,323,322,321.5,321,324.5,325,326,327.5,328
1684975993112712377,324,323,322,321.5,321,324.5,325,326,327.5,328
1684976003150124357,324,323,322,321.5,321,324.5,325,326,327.5,328
1684976008151343465,324,323,322,321.5,321,324.5,325,326,327,327.5
1684976013177243243,324,323,322,321.5,321,324.5,325,326,327,327.5
1684976058307427697,324,323,322,321.5,321,324.5,325,326,327,327.5
1684976063337377322,324,323,322,321.5,321,324.5,325,326,327,327.5
1684976073360442845,324,323,322,321.5,321,324.5,325,326,327,327.5
1684976098444612881,324,323,322,321.5,321,324.5,325,326,327,327.5
1684976108482076704,324,323,322,321.5,321,324.5,325,326,327,327.5
1684976113483282104,324,323,322,321.5,321,324.5,325,326,327,327.5
1684976123528842831,324,323,322,321.5,321,324.5,325,326,327,327.5
1684976193747369163,324,323,322,321.5,321,324.5,325,326,327,327.5
1684976208783819722,324,323,322,321.5,321,324.5,325,326,327,327.5
1684976243884883837,324,323,322,321.5,321,324.5,325,326,327,327.5
1684976263959769051,324,323,322,321.5,321,324.5,325,326,327,327.5
1684976273984704156,324,323,322,321.5,321,324.5,325,326,327,327.5
1684976278988081026,324,323,322,321.5,321,324.5,325,326,327,327.5
1684976309100113982,324,323,322,321.5,321,324.5,325,326,327,327.5
1684976324140758453,324,323,322,321.5,321,324.5,325,326,327,327.5
1684976329156435030,324,323,322,321.5,321,324.5,325,326,327,327.5
1684976339195863288,324,323,322,321.5,321,324.5,325,326,327,327.5
1684976349229103939,324,323,322,321.5,321,324.5,325,326,327,327.5
1684976354232351753,324,323,322,321.5,321,324.5,325,326,327,327.5
1684976359250070627,324,323,322,321.5,321,324.5,325,326,327,327.5
1684976364280023602,324,323,322,321.5,321,324.5,325,326,327,327.5
1684976369285338879,324,323,322,321.5,321,324.5,325,326,327,327.5
1684976374300954555,324,323,322,321.5,321,324.5,325,326,327,327.5
1684976379320667966,324,323,322,321.5,321,324.5,325,326,327,327.5
1684976389349817853,324,323.5,323,322,321.5,324.5,325,326,327,327.5
1684976394369623678,324,323.5,323,322,321.5,324.5,325,326,327,327.5
1684976399378978782,324,323.5,323,322,321.5,324.5,325,326,327,327.5
1684976417249258494,324,323.5,323,322.5,322,324.5,325,326,327,327.5
1684976417473367492,324,323.5,323,322.5,322,324.5,325,326,327,327.5
1684976417473520309,324,323.5,323,322.5,322,324.5,325,326,327,327.5
1684976417473520309,324,323.5,323,322.5,322,324.5,325,326,327,327.5
1684976417700383839,324,323.5,323,322.5,322,324.5,325,326,327,327.5
1684976419254355695,324,323.5,323,322.5,322,324.5,325,326,327,327.5
1684976419292500955,323.5,323,322.5,322,321.5,324.5,325,326,327,327.5
1684976419313402509,323.5,323,322.5,322,321.5,324.5,325,326,327,327.5
1684976419324109321,323.5,323,322.5,322,321.5,324.5,325,326,327,327.5
1684976419324205983,323.5,323,322.5,322,321.5,324.5,325,326,327,327.5
1684976419324205983,323.5,323,322.5,322,321.5,324.5,325,326,327,327.5
1684976419324205983,323.5,323,322.5,322,321.5,324.5,325,326,327,327.5
1684976419437019547,323.5,323,322.5,322,321.5,324.5,325,326,327,327.5
1684976419437129083,323.5,323,322.5,322,321.5,324.5,325,326,327,327.5
1684976420142423876,323.5,323,322.5,322,321.5,324.5,325,326,327,327.5
1684976420602473858,323,322.5,322,321.5,321,324.5,325,326,327,327.5
1684976420632590514,322.5,322,321.5,321,320.5,324.5,325,326,327,327.5
1684976420678634955,322.5,322,321.5,321,320.5,324.5,325,326,327,327.5
1684976421063612203,322,321.5,321,320.5,320,324.5,325,326,327,327.5
1684976421099086658,322,321.5,321,320.5,320,324,324.5,325,326,327
1684976421099208206,322,321.5,321,320.5,320,324,324.5,325,326,327
1684976421153407499,322,321.5,321,320.5,320,324,324.5,325,326,327
1684976421165063614,322,321.5,321,320.5,320,324,324.5,325,326,327
1684976421165063614,322,321.5,321,320.5,320,324,324.5,325,326,327
1684976421192157544,322,321.5,321,320.5,320,324,324.5,325,326,327
1684976422351259678,322,321.5,321,320.5,320,324,324.5,325,326,327
1684976422351370326,322,321.5,321,320.5,320,324,324.5,325,326,327
1684976422351370326,322,321.5,321,320.5,320,324,324.5,325,326,327
1684976425694467362,322,321.5,321,320.5,320,324,324.5,325,326,327
1684976425738017691,322,321.5,321,320.5,320,323.5,324,324.5,325,326
1684976425770025888,322,321.5,321,320.5,320,323.5,324,324.5,325,326
1684976425785698264,322,321.5,321,320.5,320,323.5,324,324.5,325,326
1684976425803857940,322,321.5,321,320.5,320,323.5,324,324.5,325,326
1684976425817817900,322,321.5,321,320.5,320,323.5,324,324.5,325,326
1684976425817817900,322,321.5,321,320.5,320,323.5,324,324.5,325,326
1684976425817817900,322,321.5,321,320.5,320,323.5,324,324.5,325,326
1684976426926059972,322.5,322,321.5,321,320.5,323.5,324,324.5,325,326
1684976426965046381,322.5,322,321.5,321,320.5,323.5,324,324.5,325,326
1684976426965230927,322.5,322,321.5,321,320.5,323.5,324,324.5,325,326
1684976427004001421,322.5,322,321.5,321,320.5,323.5,324,324.5,325,326
1684976431618105450,322.5,322,321.5,321,320.5,323.5,324,324.5,325,326
1684976431662030241,322.5,322,321.5,321,320.5,323.5,324,324.5,325,326
1684976431864557949,322.5,322,321.5,321,320.5,323,323.5,324,324.5,325
1684976431923594234,322.5,322,321.5,321,320.5,323,323.5,324,324.5,325
1684976431923629560,322.5,322,321.5,321,320.5,323,323.5,324,324.5,325
1684976433074615976,322.5,322,321.5,321,320.5,323,323.5,324,324.5,325
1684976433209517783,322.5,322,321.5,321,320.5,323,323.5,324,324.5,325
1684976433209517783,322.5,322,321.5,321,320.5,323,323.5,324,324.5,325
1684976433265389415,322.5,322,321.5,321,320.5,323,323.5,324,324.5,325
1684976433265389415,322.5,322,321.5,321,320.5,323,323.5,324,324.5,325
1684976434432195804,322.5,322,321.5,321,320.5,323,323.5,324,324.5,325
1684976434446157178,322.5,322,321.5,321,320.5,323,323.5,324,324.5,325
1684976435047800069,322.5,322,321.5,321,320.5,323,323.5,324,324.5,325
1684976435257636469,322.5,322,321.5,321,320.5,323,323.5,324,324.5,325
1684976435545959693,322.5,322,321.5,321,320.5,323,323.5,324,324.5,325
1684976435601557462,322.5,322,321.5,321,320.5,323,323.5,324,324.5,325
1684976435717319602,322.5,322,321.5,321,320.5,323,323.5,324,324.5,325
1684976435838987501,322.5,322,321.5,321,320.5,323,323.5,324,324.5,325
1684976437541623232,322.5,322,321.5,321,320.5,323,323.5,324,324.5,325
1684976439833716646,322.5,322,321.5,321,320.5,323,323.5,324,324.5,325
1684976440227315562,322.5,322,321.5,321,320.5,323,323.5,324,324.5,325
1684976440262380128,322.5,322,321.5,321,320.5,323,323.5,324,324.5,325
1684976440262380128,322.5,322,321.5,321,320.5,323,323.5,324,324.5,325
1684976440903690296,322.5,322,321.5,321,320.5,323,323.5,324,324.5,325
1684976440946681365,322.5,322,321.5,321,320.5,323,323.5,324,324.5,325
1684976441199877376,322.5,322,321.5,321,320.5,323,323.5,324,324.5,325
1684976441276164149,322.5,322,321.5,321,320.5,323,323.5,324,324.5,325
1684976442842222027,322.5,322,321.5,321,320.5,323,323.5,324,324.5,325
1684976443497778975,322.5,322,321.5,321,320.5,323,323.5,324,324.5,325
1684976447072543311,322.5,322,321.5,321,320.5,323,323.5,324,324.5,325
1684976447812841576,322.5,322,321.5,321,320.5,323,323.5,324,324.5,325
1684976449177990847,322.5,322,321.5,321,320.5,323,323.5,324,324.5,325
1684976450273864526,322.5,322,321.5,321,320.5,323,323.5,324,324.5,325
1684976451589542571,322.5,322,321.5,321,320.5,323,323.5,324,324.5,325
1684976452770620787,322.5,322,321.5,321,320.5,323,323.5,324,324.5,325
1684976454397652578,322.5,322,321.5,321,320.5,323.5,324,324.5,325,326
1684976454436242423,322.5,322,321.5,321,320.5,323.5,324,324.5,325,326
1684976454470491317,322.5,322,321.5,321,320.5,323.5,324,324.5,325,326
1684976454511173951,322.5,322,321.5,321,320.5,323.5,324,324.5,325,326
1684976460002515058,322.5,322,321.5,321,320.5,323.5,324,324.5,325,326
1684976460034504921,322.5,322,321.5,321,320.5,323.5,324,324.5,325,326
1684976465412447475,322.5,322,321.5,321,320.5,323.5,324,324.5,325,326
1684976465459745530,322.5,322,321.5,321,320.5,323.5,324,324.5,325,326
1684976472152289379,322.5,322,321.5,321,320.5,323.5,324,324.5,325,326
1684976473664768721,322.5,322,321.5,321,320.5,323.5,324,324.5,325,326
1684976474615245228,323,322.5,322,321.5,321,323.5,324,324.5,325,326
1684976474649462363,323,322.5,322,321.5,321,323.5,324,324.5,325,326
1684976474649732410,322.5,322,321.5,321,320.5,323.5,324,324.5,325,326
1684976474690977150,322.5,322,321.5,321,320.5,323.5,324,324.5,325,325.5
1684976474691149273,322.5,322,321.5,321,320.5,323.5,324,324.5,325,326
1684976474725794712,322.5,322,321.5,321,320.5,323.5,324,324.5,325,326
1684976474980950232,322.5,322,321.5,321,320.5,323.5,324,324.5,325,326
1684976479779680441,322.5,322,321.5,321,320.5,323.5,324,324.5,325,326
1684976482484197136,322.5,322,321.5,321,320.5,323.5,324,324.5,325,326
1684976482519787289,322.5,322,321.5,321,320.5,323.5,324,324.5,325,326
1684976482541077492,322,321.5,321,320.5,320,323.5,324,324.5,325,326
1684976482574018100,322,321.5,321,320.5,320,323.5,324,324.5,325,326
1684976482611731530,322,321.5,321,320.5,320,323.5,324,324.5,325,326
1684976484341665256,322,321.5,321,320.5,320,323.5,324,324.5,325,326
1684976484397171583,322,321.5,321,320.5,320,323.5,324,324.5,325,326
1684976484408781441,321.5,321,320.5,320,319.5,323.5,324,324.5,325,326
1684976484441551498,321.5,321,320.5,320,319.5,323.5,324,324.5,325,326
1684976484441639113,321.5,321,320.5,320,319.5,323,323.5,324,324.5,325
1684976484475683754,321.5,321,320.5,320,319.5,323,323.5,324,324.5,325
1684976484475718740,321.5,321,320.5,320,319.5,323,323.5,324,324.5,325
1684976484475718740,321.5,321,320.5,320,319.5,323,323.5,324,324.5,325
1684976484487910120,321.5,321,320.5,320,319.5,323,323.5,324,324.5,325
1684976484488002764,321.5,321,320.5,320,319.5,322.5,323,323.5,324,324.5
1684976484509685815,321.5,321,320.5,320,319.5,322.5,323,323.5,324,324.5
1684976484524749438,321.5,321,320.5,320,319.5,322.5,323,323.5,324,324.5
1684976484524864043,321,320.5,320,319.5,319,322.5,323,323.5,324,324.5
1684976484545821251,321,320.5,320,319.5,319,322.5,323,323.5,324,324.5
1684976484554412983,321,320.5,320,319.5,319,322.5,323,323.5,324,324.5
1684976484566487383,321,320.5,320,319.5,319,322.5,323,323.5,324,324.5
1684976484577027954,321,320.5,320,319.5,319,322.5,323,323.5,324,324.5
1684976484577027954,321,320.5,320,319.5,319,322.5,323,323.5,324,324.5
1684976484701960382,321,320.5,320,319.5,319,322.5,323,323.5,324,324.5
1684976485472252873,321,320.5,320,319.5,319,322.5,323,323.5,324,324.5
1684976486308848553,321,320.5,320,319.5,319,322.5,323,323.5,324,324.5
1684976486374934624,321,320.5,320,319.5,319,322.5,323,323.5,324,324.5
1684976486375039921,321,320.5,320,319.5,319,322.5,323,323.5,324,324.5
1684976486375039921,321,320.5,320,319.5,319,322.5,323,323.5,324,324.5
1684976487899202720,321,320.5,320,319.5,319,322.5,323,323.5,324,324.5
1684976488890741355,321,320.5,320,319.5,319,322.5,323,323.5,324,324.5
1684976488912345678,321,320.5,320,319.5,319,322,322.5,323,323.5,324
1684976488932937330,321,320.5,320,319.5,319,322,322.5,323,323.5,324
1684976488945374372,321,320.5,320,319.5,319,322,322.5,323,323.5,324
1684976488967858367,321,320.5,320,319.5,319,322,322.5,323,323.5,324
1684976488977960825,321,320.5,320,319.5,319,322,322.5,323,323.5,324
1684976488977960825,321,320.5,320,319.5,319,322,322.5,323,323.5,324
1684976489506837743,321,320.5,320,319.5,319,322,322.5,323,323.5,324
1684976489526984871,321,320.5,320,319.5,319,322,322.5,323,323.5,324
1684976489549775502,321,320.5,320,319.5,319,321.5,322,322.5,323,323.5
1684976489583044035,321,320.5,320,319.5,319,321.5,322,322.5,323,323.5
1684976489583044035,320.5,320,319.5,319,318.5,321.5,322,322.5,323,323.5
1684976489583044035,320.5,320,319.5,319,318.5,321.5,322,322.5,323,323.5
1684976489616938845,320.5,320,319.5,319,318.5,321.5,322,322.5,323,323.5
1684976489617108113,320.5,320,319.5,319,318.5,321.5,322,322.5,323,323.5
1684976489617108113,320.5,320,319.5,319,318.5,321.5,322,322.5,323,323.5
1684976489617255640,320.5,320,319.5,319,318.5,321.5,322,322.5,323,323.5
1684976489640696652,320.5,320,319.5,319,318.5,321.5,322,322.5,323,323.5
1684976491245844455,320.5,320,319.5,319,318.5,321.5,322,322.5,323,323.5
1684976491976055040,321,320.5,320,319.5,319,321.5,322,322.5,323,323.5
1684976492010195461,321,320.5,320,319.5,319,321.5,322,322.5,323,323.5
1684976492043170393,321,320.5,320,319.5,319,321.5,322,322.5,323,323.5
1684976494444318025,321,320.5,320,319.5,319,321.5,322,322.5,323,323.5
1684976494444318025,321,320.5,320,319.5,319,321.5,322,322.5,323,323.5
1684976494444423102,321,320.5,320,319.5,319,321.5,322,322.5,323,323.5
1684976494934651226,320.5,320,319.5,319,318.5,321.5,322,322.5,323,323.5
1684976494965355004,320.5,320,319.5,319,318.5,321.5,322,322.5,323,323.5
1684976494965518240,320.5,320,319.5,319,318.5,321.5,322,322.5,323,323.5
1684976494999092378,320.5,320,319.5,319,318.5,321.5,322,322.5,323,323.5
1684976495149982944,321,320.5,320,319.5,319,321.5,322,322.5,323,323.5
1684976495172957260,321,320.5,320,319.5,319,321.5,322,322.5,323,323.5
1684976495198093615,321,320.5,320,319.5,319,321.5,322,322.5,323,323.5
1684976495913246638,320.5,320,319.5,319,318.5,321.5,322,322.5,323,323.5
1684976495945233255,320.5,320,319.5,319,318.5,321.5,322,322.5,323,323.5
1684976495979153893,320.5,320,319.5,319,318.5,321.5,322,322.5,323,323.5
1684976498931814134,320.5,320,319.5,319,318.5,321.5,322,322.5,323,323.5
1684976499800788657,320.5,320,319.5,319,318.5,321,321.5,322,322.5,323
1684976499823253536,320.5,320,319.5,319,318.5,321,321.5,322,322.5,323
1684976499833622444,320.5,320,319.5,319,318.5,321,321.5,322,322.5,323
1684976499833755524,320.5,320,319.5,319,318.5,321,321.5,322,322.5,323
1684976499856933272,320.5,320,319.5,319,318.5,321,321.5,322,322.5,323
1684976499867404853,320.5,320,319.5,319,318.5,321,321.5,322,322.5,323
1684976499867555145,320.5,320,319.5,319,318.5,321,321.5,322,322.5,323
1684976503398210037,320.5,320,319.5,319,318.5,321,321.5,322,322.5,323
1684976505254448849,320.5,320,319.5,319,318.5,321,321.5,322,322.5,323
1684976510317333446,320.5,320,319.5,319,318.5,321,321.5,322,322.5,323
1684976512951395049,320.5,320,319.5,319,318.5,321,321.5,322,322.5,323
1684976513160989786,320.5,320,319.5,319,318.5,321,321.5,322,322.5,323
1684976513459486061,320.5,320,319.5,319,318.5,321,321.5,322,322.5,323
1684976515688778815,320.5,320,319.5,319,318.5,321,321.5,322,322.5,323
1684976516535603381,320.5,320,319.5,319,318.5,321,321.5,322,322.5,323
1684976518092778673,320.5,320,319.5,319,318.5,321,321.5,322,322.5,323
1684976518406347648,320.5,320,319.5,319,318.5,321,321.5,322,322.5,323
1684976519022522985,320.5,320,319.5,319,318.5,321,321.5,322,322.5,323
1684976520809961041,320.5,320,319.5,319,318.5,321,321.5,322,322.5,323
1684976520889412215,320.5,320,319.5,319,318.5,321,321.5,322,322.5,323
1684976521757591756,320.5,320,319.5,319,318.5,321,321.5,322,322.5,323
1684976522037112684,320.5,320,319.5,319,318.5,321,321.5,322,322.5,323
1684976522104639850,320.5,320,319.5,319,318.5,321,321.5,322,322.5,323
1684976526277843387,320.5,320,319.5,319,318.5,321,321.5,322,322.5,323
1684976527773636391,320.5,320,319.5,319,318.5,321,321.5,322,322.5,323
1684976527919502243,320.5,320,319.5,319,318.5,321,321.5,322,322.5,323
1684976528043801833,320.5,320,319.5,319,318.5,321,321.5,322,322.5,323
1684976528165761520,320.5,320,319.5,319,318.5,321,321.5,322,322.5,323
1684976531810259821,320.5,320,319.5,319,318.5,321,321.5,322,322.5,323
1684976532301803955,320.5,320,319.5,319,318.5,321,321.5,322,322.5,323
1684976533478388205,320.5,320,319.5,319,318.5,321,321.5,322,322.5,323
1684976534684670585,320.5,320,319.5,319,318.5,321,321.5,322,322.5,323
1684976535529595253,320.5,320,319.5,319,318.5,321,321.5,322,322.5,323
1684976535864416411,320.5,320,319.5,319,318.5,321.5,322,322.5,323,323.5
1684976535899275130,320.5,320,319.5,319,318.5,321.5,322,322.5,323,323.5
1684976535932532182,320.5,320,319.5,319,318.5,321.5,322,322.5,323,323.5
1684976536574044772,320.5,320,319.5,319,318.5,321.5,322,322.5,323,323.5
1684976536646329651,320.5,320,319.5,319,318.5,321,321.5,322,322.5,323
1684976536680014056,320.5,320,319.5,319,318.5,321,321.5,322,322.5,323
1684976536680014056,320,319.5,319,318.5,318,321,321.5,322,322.5,323
1684976536692145363,320,319.5,319,318.5,318,321,321.5,322,322.5,323
1684976536713404709,320,319.5,319,318.5,318,321,321.5,322,322.5,323
1684976536713404709,320,319.5,319,318.5,318,321,321.5,322,322.5,323
1684976536713529132,320,319.5,319,318.5,318,321,321.5,322,322.5,323
1684976536728618674,320,319.5,319,318.5,318,321,321.5,322,322.5,323
1684976536728929227,320,319.5,319,318.5,318,321,321.5,322,322.5,323
1684976539153736262,320,319.5,319,318.5,318,321,321.5,322,322.5,323
1684976539447712501,320,319.5,319,318.5,318,321,321.5,322,322.5,323
1684976539504955138,320,319.5,319,318.5,318,321,321.5,322,322.5,323
1684976539620816485,320,319.5,319,318.5,318,321,321.5,322,322.5,323
1684976540131357407,320,319.5,319,318.5,318,321,321.5,322,322.5,323
1684976541233322184,320.5,320,319.5,319,318.5,321,321.5,322,322.5,323
1684976541260958683,320.5,320,319.5,319,318.5,321,321.5,322,322.5,323
1684976541260958683,320,319.5,319,318.5,318,321,321.5,322,322.5,323
1684976541261065464,320,319.5,319,318.5,318,321,321.5,322,322.5,323
1684976541291502872,320,319.5,319,318.5,318,321,321.5,322,322.5,323
1684976541291502872,320,319.5,319,318.5,318,321,321.5,322,322.5,323
1684976541324290112,320,319.5,319,318.5,318,321,321.5,322,322.5,323
1684976546073758163,320,319.5,319,318.5,318,321,321.5,322,322.5,323
1684976546120694849,320,319.5,319,318.5,318,321,321.5,322,322.5,323
1684976546187274216,320,319.5,319,318.5,318,321,321.5,322,322.5,323
1684976546418974137,320,319.5,319,318.5,318,321,321.5,322,322.5,323
1684976548398927663,320,319.5,319,318.5,318,321,321.5,322,322.5,323
1684976548440180538,320,319.5,319,318.5,318,321,321.5,322,322.5,323
1684976549398394734,320,319.5,319,318.5,318,321,321.5,322,322.5,323
1684976549968769628,320,319.5,319,318.5,318,321,321.5,322,322.5,323
1684976551539854698,320,319.5,319,318.5,318,321,321.5,322,322.5,323
1684976551593144733,320,319.5,319,318.5,318,321,321.5,322,322.5,323
1684976552983281882,320,319.5,319,318.5,318,321,321.5,322,322.5,323
1684976553018157694,320,319.5,319,318.5,318,321.5,322,322.5,323,323.5
1684976553051147214,320,319.5,319,318.5,318,321.5,322,322.5,323,323.5
1684976553085329463,320,319.5,319,318.5,318,321.5,322,322.5,323,323.5
1684976553763416794,320,319.5,319,318.5,318,321.5,322,322.5,323,323.5
1684976554724081913,320.5,320,319.5,319,318.5,321.5,322,322.5,323,323.5
1684976554746404595,320.5,320,319.5,319,318.5,321.5,322,322.5,323,323.5
1684976554779665274,320.5,320,319.5,319,318.5,321.5,322,322.5,323,323.5
1684976555162987585,320.5,320,319.5,319,318.5,321.5,322,322.5,323,323.5
1684976555414156621,320.5,320,319.5,319,318.5,321.5,322,322.5,323,323.5
1684976555558687006,320.5,320,319.5,319,318.5,321.5,322,322.5,323,323.5
1684976556341396481,320.5,320,319.5,319,318.5,321.5,322,322.5,323,323.5
1684976557565919279,320.5,320,319.5,319,318.5,321.5,322,322.5,323,323.5
1684976557645429444,320.5,320,319.5,319,318.5,321.5,322,322.5,323,323.5
1684976557758361822,320.5,320,319.5,319,318.5,321.5,322,322.5,323,323.5
1684976558176873444,320.5,320,319.5,319,318.5,321.5,322,322.5,323,323.5
1684976558289215533,320.5,320,319.5,319,318.5,321.5,322,322.5,323,323.5
1684976558661558861,321,320.5,320,319.5,319,321.5,322,322.5,323,323.5
1684976558684962703,321,320.5,320,319.5,319,321.5,322,322.5,323,323.5
1684976558684962703,321,320.5,320,319.5,319,321.5,322,322.5,323,323.5
1684976558705223423,321,320.5,320,319.5,319,321.5,322,322.5,323,323.5
1684976559969880005,321,320.5,320,319.5,319,321.5,322,322.5,323,323.5
1684976562404877635,321,320.5,320,319.5,319,321.5,322,322.5,323,323.5
1684976564729381195,321,320.5,320,319.5,319,321.5,322,322.5,323,323.5
1684976565685494587,321,320.5,320,319.5,319,321.5,322,322.5,323,323.5
1684976565933733802,321,320.5,320,319.5,319,321.5,322,322.5,323,323.5
1684976566256920255,321,320.5,320,319.5,319,321.5,322,322.5,323,323.5
1684976567491395429,321,320.5,320,319.5,319,321.5,322,322.5,323,323.5
1684976567526195909,321,320.5,320,319.5,319,321.5,322,322.5,323,323.5
1684976568330647888,321,320.5,320,319.5,319,321.5,322,322.5,323,323.5
1684976569525328395,321,320.5,320,319.5,319,321.5,322,322.5,323,323.5
1684976569555016105,320.5,320,319.5,319,318.5,321.5,322,322.5,323,323.5
1684976569577572136,320.5,320,319.5,319,318.5,321.5,322,322.5,323,323.5
1684976569577572136,320.5,320,319.5,319,318.5,321.5,322,322.5,323,323.5
1684976569613893301,320.5,320,319.5,319,318.5,321.5,322,322.5,323,323.5
1684976571461997512,321,320.5,320,319.5,319,321.5,322,322.5,323,323.5
1684976571486606296,321,320.5,320,319.5,319,321.5,322,322.5,323,323.5
1684976571486606296,320.5,320,319.5,319,318.5,321.5,322,322.5,323,323.5
1684976571505685228,320.5,320,319.5,319,318.5,321.5,322,322.5,323,323.5
1684976571517433717,320.5,320,319.5,319,318.5,321.5,322,322.5,323,323.5
1684976571527624651,320.5,320,319.5,319,318.5,321.5,322,322.5,323,323.5
1684976571965261882,320.5,320,319.5,319,318.5,321.5,322,322.5,323,323.5
1684976572043799321,320.5,320,319.5,319,318.5,321.5,322,322.5,323,323.5
1684976572102311251,320.5,320,319.5,319,318.5,321.5,322,322.5,323,323.5
1684976573154975935,320.5,320,319.5,319,318.5,321.5,322,322.5,323,323.5
1684976574059985988,320.5,320,319.5,319,318.5,321.5,322,322.5,323,323.5
1684976574709755260,320.5,320,319.5,319,318.5,321.5,322,322.5,323,323.5
1684976574784835177,320.5,320,319.5,319,318.5,321.5,322,322.5,323,323.5
1684976576428560574,320.5,320,319.5,319,318.5,321.5,322,322.5,323,323.5
1684976579318240799,320.5,320,319.5,319,318.5,321.5,322,322.5,323,323.5
1684976579353163719,320.5,320,319.5,319,318.5,321.5,322,322.5,323,323.5
1684976579858663747,320.5,320,319.5,319,318.5,321.5,322,322.5,323,323.5
1684976580182547199,320.5,320,319.5,319,318.5,321.5,322,322.5,323,323.5
1684976580740509869,321,320.5,320,319.5,319,321.5,322,322.5,323,323.5
1684976580762195615,321,320.5,320,319.5,319,321.5,322,322.5,323,323.5
1684976580762221614,320.5,320,319.5,319,318.5,321.5,322,322.5,323,323.5
1684976580784460970,320.5,320,319.5,319,318.5,321.5,322,322.5,323,323.5
1684976580784515772,320.5,320,319.5,319,318.5,321.5,322,322.5,323,323.5
1684976580801723551,320.5,320,319.5,319,318.5,321.5,322,322.5,323,323.5
1684976580807597209,320.5,320,319.5,319,318.5,321.5,322,322.5,323,323.5
1684976580852386644,320.5,320,319.5,319,318.5,321.5,322,322.5,323,323.5
1684976580852386644,320.5,320,319.5,319,318.5,321.5,322,322.5,323,323.5
1684976582384068673,320.5,320,319.5,319,318.5,321.5,322,322.5,323,323.5
1684976582439254538,321,320.5,320,319.5,319,321.5,322,322.5,323,323.5
1684976582466197685,321,320.5,320,319.5,319,321.5,322,322.5,323,323.5
1684976582466197685,320.5,320,319.5,319,318.5,321.5,322,322.5,323,323.5
1684976582466197685,320.5,320,319.5,319,318.5,321,321.5,322,322.5,323
1684976582497599514,320.5,320,319.5,319,318.5,321,321.5,322,322.5,323
1684976582530427992,320.5,320,319.5,319,318.5,321,321.5,322,322.5,323
1684976582530427992,320.5,320,319.5,319,318.5,321,321.5,322,322.5,323
1684976583107852252,320.5,320,319.5,319,318.5,321.5,322,322.5,323,323.5
1684976583142468266,320.5,320,319.5,319,318.5,321.5,322,322.5,323,323.5
1684976583175477152,320.5,320,319.5,319,318.5,321.5,322,322.5,323,323.5
1684976583184928608,320.5,320,319.5,319,318.5,321.5,322,322.5,323,323.5
1684976584266398415,320.5,320,319.5,319,318.5,321.5,322,322.5,323,323.5
1684976584323763562,320.5,320,319.5,319,318.5,321.5,322,322.5,323,323.5
1684976584578195784,320.5,320,319.5,319,318.5,321.5,322,322.5,323,323.5
1684976584723051370,320.5,320,319.5,319,318.5,321,321.5,322,322.5,323
1684976584756818259,320.5,320,319.5,319,318.5,321,321.5,322,322.5,323
1684976584789499209,320.5,320,319.5,319,318.5,321,321.5,322,322.5,323
1684976584887787592,320.5,320,319.5,319,318.5,321,321.5,322,322.5,323
1684976585314796438,320.5,320,319.5,319,318.5,321,321.5,322,322.5,323
1684976585398781836,320.5,320,319.5,319,318.5,321.5,322,322.5,323,323.5
1684976585419578803,320.5,320,319.5,319,318.5,321.5,322,322.5,323,323.5
1684976585454645133,320.5,320,319.5,319,318.5,321.5,322,322.5,323,323.5
1684976589453229465,320.5,320,319.5,319,318.5,321.5,322,322.5,323,323.5
1684976589541700405,320.5,320,319.5,319,318.5,321.5,322,322.5,323,323.5
1684976589574332303,320.5,320,319.5,319,318.5,322,322.5,323,323.5,324
1684976589608866403,320.5,320,319.5,319,318.5,322,322.5,323,323.5,324
1684976589641653353,320.5,320,319.5,319,318.5,322,322.5,323,323.5,324
1684976589641653353,320.5,320,319.5,319,318.5,322,322.5,323,323.5,324
1684976589674520373,320.5,320,319.5,319,318.5,322,322.5,323,323.5,324
1684976589707930472,320,319.5,319,318.5,318,322,322.5,323,323.5,324
1684976589738786767,320,319.5,319,318.5,318,322,322.5,323,323.5,324
1684976589748958675,320,319.5,319,318.5,318,321.5,322,322.5,323,323.5
1684976589763051646,320,319.5,319,318.5,318,321.5,322,322.5,323,323.5
1684976589771645181,320,319.5,319,318.5,318,321.5,322,322.5,323,323.5
1684976589782069273,320,319.5,319,318.5,318,321.5,322,322.5,323,323.5
1684976589792210113,320,319.5,319,318.5,318,321.5,322,322.5,323,323.5
1684976589792210113,320,319.5,319,318.5,318,321.5,322,322.5,323,323.5
1684976590488632499,320,319.5,319,318.5,318,321.5,322,322.5,323,323.5
1684976590543655769,320.5,320,319.5,319,318.5,321.5,322,322.5,323,323.5
1684976590576414636,320.5,320,319.5,319,318.5,321.5,322,322.5,323,323.5
1684976590611270861,320.5,320,319.5,319,318.5,321.5,322,322.5,323,323.5
1684976592132830915,320.5,320,319.5,319,318.5,321.5,322,322.5,323,323.5
1684976592231494722,320.5,320,319.5,319,318.5,321.5,322,322.5,323,323.5
1684976592275365112,320.5,320,319.5,319,318.5,321.5,322,322.5,323,323.5
1684976593370096068,320.5,320,319.5,319,318.5,321.5,322,322.5,323,323.5
1684976594970247453,320.5,320,319.5,319,318.5,321.5,322,322.5,323,323.5
1684976595790813617,320,319.5,319,318.5,318,320.5,321.5,322,322.5,323
1684976595811285795,320,319.5,319,318.5,318,320.5,321.5,322,322.5,323
1684976595811285795,320,319.5,319,318.5,318,320.5,321.5,322,322.5,323
1684976595821500794,320,319.5,319,318.5,318,320.5,321.5,322,322.5,323
1684976595833569634,320,319.5,319,318.5,318,320.5,321.5,322,322.5,323
1684976595833615791,320,319.5,319,318.5,318,320.5,321.5,322,322.5,323
1684976596784060050,320,319.5,319,318.5,318,320.5,321.5,322,322.5,323
1684976598887804211,320,319.5,319,318.5,318,320.5,321.5,322,322.5,323
1684976599508895800,320.5,320,319.5,319,318.5,321.5,322,322.5,323,323.5
1684976599544595368,320.5,320,319.5,319,318.5,321.5,322,322.5,323,323.5
1684976599544692811,320.5,320,319.5,319,318.5,321.5,322,322.5,323,323.5
1684976599544692811,320.5,320,319.5,319,318.5,321.5,322,322.5,323,323.5
1684976599544692811,320,319.5,319,318.5,318,321.5,322,322.5,323,323.5
1684976599586506228,320,319.5,319,318.5,318,321.5,322,322.5,323,323.5
1684976599586506228,320,319.5,319,318.5,318,321.5,322,322.5,323,323.5
1684976599586506228,320,319.5,319,318.5,318,321.5,322,322.5,323,323.5
1684976599586506228,320,319.5,319,318.5,318,321.5,322,322.5,323,323.5
1684976599586613800,320,319.5,319,318.5,318,321.5,322,322.5,323,323.5
1684976599586613800,320,319.5,319,318.5,318,321.5,322,322.5,323,323.5
1684976599586751499,320,319.5,319,318.5,318,321.5,322,322.5,323,323.5
1684976599623726191,320,319.5,319,318.5,318,321.5,322,322.5,323,323.5
1684976599623726191,320,319.5,319,318.5,318,321.5,322,322.5,323,323.5
1684976605496056420,320,319.5,319,318.5,318,321.5,322,322.5,323,323.5
1684976605531054371,320,319.5,319,318.5,318,321.5,322,322.5,323,323.5
1684976605574844490,320,319.5,319,318.5,318,322,322.5,323,323.5,324
1684976605615860941,320,319.5,319,318.5,318,322,322.5,323,323.5,324
1684976605646478397,320,319.5,319,318.5,318,322,322.5,323,323.5,324
1684976605958953729,320,319.5,319,318.5,318,322,322.5,323,323.5,324
1684976607526795300,320,319.5,319,318.5,318,322,322.5,323,323.5,324
1684976607649172361,320.5,320,319.5,319,318.5,322,322.5,323,323.5,324
1684976607672401285,320.5,320,319.5,319,318.5,322,322.5,323,323.5,324
1684976607682703969,320.5,320,319.5,319,318.5,322,322.5,323,323.5,324
1684976607694972964,320.5,320,319.5,319,318.5,322,322.5,323,323.5,324
1684976607727282287,320.5,320,319.5,319,318.5,322,322.5,323,323.5,324
1684976609633624815,320.5,320,319.5,319,318.5,322,322.5,323,323.5,324
1684976612783851414,320.5,320,319.5,319,318.5,322,322.5,323,323.5,324
1684976612807749855,320.5,320,319.5,319,318.5,322,322.5,323,323.5,324
1684976612891504680,320.5,320,319.5,319,318.5,322,322.5,323,323.5,324
1684976613912326627,320.5,320,319.5,319,318.5,322,322.5,323,323.5,324
1684976613955705855,320,319.5,319,318.5,318,322,322.5,323,323.5,324
1684976613978138543,320,319.5,319,318.5,318,322,322.5,323,323.5,324
1684976613978138543,320,319.5,319,318.5,318,322,322.5,323,323.5,324
1684976614000775486,320,319.5,319,318.5,318,322,322.5,323,323.5,324
1684976614043640327,320,319.5,319,318.5,318,322,322.5,323,323.5,324
1684976614043640327,320,319.5,319,318.5,318,322,322.5,323,323.5,324
1684976614774656065,320,319.5,319,318.5,318,322,322.5,323,323.5,324
1684976614810352468,320,319.5,319,318.5,318,321.5,322,322.5,323,323.5
1684976614810352468,320,319.5,319,318.5,318,322,322.5,323,323.5,324
1684976614840409341,320,319.5,319,318.5,318,322,322.5,323,323.5,324
1684976614840409341,320,319.5,319,318.5,318,321.5,322,322.5,323,323.5
1684976614875108120,320,319.5,319,318.5,318,322,322.5,323,323.5,324
1684976614875224088,320,319.5,319,318.5,318,322,322.5,323,323.5,324
1684976614875224088,320,319.5,319,318.5,318,322,322.5,323,323.5,324
1684976614875224088,320,319.5,319,318.5,318,321.5,322,322.5,323,323.5
1684976614897954857,320,319.5,319,318.5,318,321.5,322,322.5,323,323.5
1684976614897954857,320,319.5,319,318.5,318,321.5,322,322.5,323,323.5
1684976614897954857,320,319.5,319,318.5,318,321.5,322,322.5,323,323.5
1684976614897954857,320,319.5,319,318.5,318,321.5,322,322.5,323,323.5
1684976614909772926,320,319.5,319,318.5,318,321.5,322,322.5,323,323.5
1684976614909822128,320,319.5,319,318.5,318,321.5,322,322.5,323,323.5
1684976614934474965,320,319.5,319,318.5,318,321.5,322,322.5,323,323.5
1684976614934474965,319.5,319,318.5,318,317.5,321.5,322,322.5,323,323.5
1684976614934500533,319.5,319,318.5,318,317.5,321.5,322,322.5,323,323.5
1684976614954870129,319.5,319,318.5,318,317.5,321.5,322,322.5,323,323.5
1684976614965177772,319.5,319,318.5,318,317.5,321,321.5,322,322.5,323
1684976614965177772,319.5,319,318.5,318,317.5,321,321.5,322,322.5,323
1684976614987764560,319.5,319,318.5,318,317.5,321,321.5,322,322.5,323
1684976614997919416,319.5,319,318.5,318,317.5,321,321.5,322,322.5,323
1684976614998089546,319.5,319,318.5,318,317.5,321,321.5,322,322.5,323
1684976615020297633,319.5,319,318.5,318,317.5,321,321.5,322,322.5,323
1684976615034124153,319.5,319,318.5,318,317.5,321,321.5,322,322.5,323
1684976615034265398,319.5,319,318.5,318,317.5,321,321.5,322,322.5,323
1684976617250350478,319.5,319,318.5,318,317.5,321,321.5,322,322.5,323
1684976617272605132,319.5,319,318.5,318,317.5,321,321.5,322,322.5,323
1684976617272640849,319,318.5,318,317.5,317,321,321.5,322,322.5,323
1684976617283252744,319,318.5,318,317.5,317,321,321.5,322,322.5,323
1684976617295010490,319,318.5,318,317.5,317,320.5,321,321.5,322,322.5
1684976617295010490,319,318.5,318,317.5,317,320.5,321,321.5,322,322.5
1684976617295010490,319,318.5,318,317.5,317,321,321.5,322,322.5,323
1684976617305097729,319,318.5,318,317.5,317,321,321.5,322,322.5,323
1684976617305123157,319,318.5,318,317.5,317,321,321.5,322,322.5,323
1684976617317526375,319,318.5,318,317.5,317,321,321.5,322,322.5,323
1684976617317526375,319,318.5,318,317.5,317,320.5,321,321.5,322,322.5
1684976617317541253,319,318.5,318,317.5,317,320.5,321,321.5,322,322.5
1684976617328048621,319,318.5,318,317.5,317,320.5,321,321.5,322,322.5
1684976617352327546,319,318.5,318,317.5,317,321,321.5,322,322.5,323
1684976617352327546,319,318.5,318,317.5,317,321,321.5,322,322.5,323
1684976617362760495,319,318.5,318,317.5,317,321,321.5,322,322.5,323
1684976617384478812,319,318.5,318,317.5,317,321,321.5,322,322.5,323
1684976617384478812,319,318.5,318,317.5,317,321,321.5,322,323,323.5
1684976617384478812,319,318.5,318,317.5,317,320.5,321,321.5,322,323
1684976617395467013,319,318.5,318,317.5,317,320.5,321,321.5,322,323
1684976617407633957,319,318.5,318,317.5,317,320.5,321,321.5,322,323
1684976617407633957,319,318.5,318,317.5,317,320.5,321,321.5,322,323
1684976617417870207,319,318.5,318,317.5,317,320.5,321,321.5,322,323
1684976617551840444,319,318.5,318,317.5,317,320.5,321,321.5,322,323
1684976618451112925,319,318.5,318,317.5,317,320.5,321,321.5,322,323
1684976619058197875,319,318.5,318,317.5,317,320.5,321,321.5,322,323
1684976623424501476,319,318.5,318,317.5,317,320.5,321,321.5,322,323
1684976623424642190,319,318.5,318,317.5,317,320,320.5,321,321.5,322
1684976623457224355,319,318.5,318,317.5,317,320,320.5,321,321.5,322
1684976623457224355,319,318.5,318,317.5,317,320,320.5,321,321.5,322
1684976623457224355,319,318.5,318,317.5,317,320,320.5,321,321.5,322
1684976623457332238,319,318.5,318,317.5,317,320,320.5,321,321.5,322
1684976623470457511,319,318.5,318,317.5,317,320,320.5,321,321.5,322
1684976623491445728,319,318.5,318,317.5,317,320,320.5,321,321.5,322
1684976623503769166,319,318.5,318,317.5,317,320,320.5,321,321.5,322
1684976623503769166,319,318.5,318,317.5,317,320,320.5,321,321.5,322
1684976624257586165,319,318.5,318,317.5,317,320,320.5,321,321.5,322
1684976626002054825,319,318.5,318,317.5,317,320,320.5,321,321.5,322
1684976628276508636,319,318.5,318,317.5,317,320,320.5,321,321.5,322
1684976628430269372,319,318.5,318,317.5,317,320,320.5,321,321.5,322
1684976628899369637,319,318.5,318,317.5,317,320,320.5,321,321.5,322
1684976629621776131,319.5,319,318.5,318,317.5,320,320.5,321,321.5,322
1684976629655195408,319.5,319,318.5,318,317.5,320,320.5,321,321.5,322
1684976629655257584,319,318.5,318,317.5,317,320,320.5,321,321.5,322
1684976629688260960,319,318.5,318,317.5,317,320,320.5,321,321.5,322
1684976629688314701,319,318.5,318,317.5,317,320,320.5,321,321.5,322
1684976629711351414,319,318.5,318,317.5,317,320,320.5,321,321.5,322
1684976629723274170,319,318.5,318,317.5,317,320,320.5,321,321.5,322
1684976629996747083,319,318.5,318,317.5,317,320,320.5,321,321.5,322
1684976630889423128,319,318.5,318,317.5,317,320,320.5,321,321.5,322
1684976631078883101,319,318.5,318,317.5,317,320,320.5,321,321.5,322
1684976631826445056,319,318.5,318,317.5,317,320,320.5,321,321.5,322
1684976631889972593,319,318.5,318,317.5,317,320,320.5,321,321.5,322
1684976631890142673,319,318.5,318,317.5,317,320,320.5,321,321.5,322
1684976631922793366,319,318.5,318,317.5,317,320,320.5,321,321.5,322
1684976631956069524,318.5,318,317.5,317,316.5,320,320.5,321,321.5,322
1684976631990420020,318.5,318,317.5,317,316.5,319.5,320,320.5,321,321.5
1684976631990420020,318.5,318,317.5,317,316.5,319.5,320,320.5,321,321.5
1684976632000475780,318.5,318,317.5,317,316.5,319.5,320,320.5,321,321.5
1684976632023204895,318.5,318,317.5,317,316.5,319.5,320,320.5,321,321.5
1684976632023337494,318.5,318,317.5,317,316.5,319.5,320,320.5,321,321.5
1684976632023337494,318.5,318,317.5,317,316.5,319.5,320,320.5,321,321.5
1684976632023337494,318.5,318,317.5,317,316.5,319.5,320,320.5,321,321.5
1684976632035405042,318.5,318,317.5,317,316.5,319.5,320,320.5,321,321.5
1684976632035405042,318.5,318,317.5,317,316.5,319.5,320,320.5,321,321.5
1684976632080954273,318.5,318,317.5,317,316.5,319.5,320,320.5,321,321.5
1684976632080954273,318.5,318,317.5,317,316.5,319.5,320,320.5,321,321.5
1684976632429730162,318.5,318,317.5,317,316.5,319,319.5,320,320.5,321
1684976632452560137,318.5,318,317.5,317,316.5,319,319.5,320,320.5,321
1684976632452560137,318.5,318,317.5,317,316.5,319,319.5,320,320.5,321
1684976632452560137,318.5,318,317.5,317,316.5,319,319.5,320,320.5,321
1684976632475253295,318.5,318,317.5,317,316.5,319,319.5,320,320.5,321
1684976632487037160,318.5,318,317.5,317,316.5,319,319.5,320,320.5,321
1684976632487085831,318.5,318,317.5,317,316.5,319,319.5,320,320.5,321
1684976633046541785,318.5,318,317.5,317,316.5,319,319.5,320,320.5,321
1684976633146540659,318.5,318,317.5,317,316.5,319,319.5,320,320.5,321
1684976636310985144,318.5,318,317.5,317,316.5,319,319.5,320,320.5,321
1684976639079461504,318.5,318,317.5,317,316.5,319.5,320,320.5,321,321.5
1684976639112237613,318.5,318,317.5,317,316.5,319.5,320,320.5,321,321.5
1684976639112237613,318.5,318,317.5,317,316.5,319.5,320,320.5,321,321.5
1684976639147074231,318.5,318,317.5,317,316.5,319.5,320,320.5,321,321.5
1684976639147074231,318.5,318,317.5,317,316.5,319,319.5,320,320.5,321
1684976639169669906,318.5,318,317.5,317,316.5,319,319.5,320,320.5,321
1684976639179964395,318.5,318,317.5,317,316.5,319,319.5,320,320.5,321
1684976639203262138,318.5,318,317.5,317,316.5,319,319.5,320,320.5,321
1684976639663376872,318.5,318,317.5,317,316.5,319,319.5,320,320.5,321
1684976639719956754,318.5,318,317.5,317,316.5,319,319.5,320,320.5,321
1684976639730021582,318.5,318,317.5,317,316.5,319,319.5,320,320.5,321
1684976639754134455,318.5,318,317.5,317,316.5,319,319.5,320,320.5,321
1684976639764777298,318.5,318,317.5,317,316.5,319,319.5,320,320.5,321
1684976639785538038,318,317.5,317,316.5,316,318.5,319,319.5,320,320.5
1684976639816223662,318,317.5,317,316.5,316,318.5,319,319.5,320,320.5
1684976639816223662,318,317.5,317,316.5,316,318.5,319,319.5,320,320.5
1684976639836663839,318,317.5,317,316.5,316,318.5,319,319.5,320,320.5
1684976639836663839,318,317.5,317,316.5,316,318.5,319,319.5,320,320.5
1684976639846909917,318,317.5,317,316.5,316,318.5,319,319.5,320,320.5
1684976640207014687,318,317.5,317,316.5,316,318.5,319,319.5,320,320.5
1684976640865958535,318,317.5,317,316.5,316,318.5,319,319.5,320,320.5
1684976640899665623,318,317.5,317,316.5,316,319,319.5,320,320.5,321.5
1684976640925503395,318,317.5,317,316.5,316,319,319.5,320,320.5,321.5
1684976640956536552,318,317.5,317,316.5,316,319,319.5,320,320.5,321.5
1684976641249743506,318,317.5,317,316.5,316,319,319.5,320,320.5,321.5
1684976641545714460,318,317.5,317,316.5,316,319,319.5,320,320.5,321.5
1684976641741991533,318,317.5,317,316.5,316,319,319.5,320,320.5,321.5
1684976641807319651,318,317.5,317,316.5,316,319,319.5,320,320.5,321.5
1684976643400606117,318.5,318,317.5,317,316.5,319,319.5,320,320.5,321.5
1684976643432739179,318,317.5,317,316.5,316,318.5,319,319.5,320,320.5
1684976643432773363,318,317.5,317,316.5,316,318.5,319,319.5,320,320.5
1684976643463604972,318,317.5,317,316.5,316,318.5,319,319.5,320,320.5
1684976643463604972,318,317.5,317,316.5,316,318.5,319,319.5,320,320.5
1684976643489268196,318,317.5,317,316.5,316,318.5,319,319.5,320,320.5
1684976643787708005,318,317.5,317,316.5,316,318.5,319,319.5,320,320.5
1684976643854561788,318,317.5,317,316.5,316,318.5,319,319.5,320,320.5
1684976644036781557,318,317.5,317,316.5,316,319,319.5,320,320.5,321.5
1684976644057286807,318,317.5,317,316.5,316,319,319.5,320,320.5,321.5
1684976644080264589,318,317.5,317,316.5,316,319,319.5,320,320.5,321.5
1684976644080264589,318,317.5,317,316.5,316,319,319.5,320,320.5,321.5
1684976645350904105,318,317.5,317,316.5,316,319,319.5,320,320.5,321.5
1684976645383879238,318,317.5,317,316.5,316,319,319.5,320,320.5,321.5
1684976645408037838,318,317.5,317,316.5,316,319,319.5,320,320.5,321.5
1684976645416244917,318,317.5,317,316.5,316,319,319.5,320,320.5,321.5
1684976645907726395,318,317.5,317,316.5,316,319,319.5,320,320.5,321.5
1684976647448915986,318.5,318,317.5,317,316.5,319,319.5,320,320.5,321.5
1684976647483573578,318,317.5,317,316.5,316,318.5,319,319.5,320,320.5
1684976647483573578,318,317.5,317,316.5,316,318.5,319,319.5,320,320.5
1684976647517584766,318,317.5,317,316.5,316,318.5,319,319.5,320,320.5
1684976647517584766,318,317.5,317,316.5,316,318.5,319,319.5,320,320.5
1684976647548224724,318,317.5,317,316.5,316,318.5,319,319.5,320,320.5
1684976648245060418,318,317.5,317,316.5,316,319,319.5,320,320.5,321.5
1684976648267185669,318,317.5,317,316.5,316,319,319.5,320,320.5,321.5
1684976648289258472,318,317.5,317,316.5,316,319,319.5,320,320.5,321.5
1684976648457380983,318,317.5,317,316.5,316,319,319.5,320,320.5,321.5
1684976649050307079,318.5,318,317.5,317,316.5,319,319.5,320,320.5,321.5
1684976649084293631,318.5,318,317.5,317,316.5,319,319.5,320,320.5,321.5
1684976649117362701,318.5,318,317.5,317,316.5,319,319.5,320,320.5,321
1684976650372274237,318.5,318,317.5,317,316.5,319,319.5,320,320.5,321
1684976650772991900,318.5,318,317.5,317,316.5,319,319.5,320,320.5,321
1684976650841263955,318.5,318,317.5,317,316.5,319,319.5,320,320.5,321
1684976651696417570,318.5,318,317.5,317,316.5,319,319.5,320,320.5,321
1684976652394236650,318,317.5,317,316.5,316,319,319.5,320,320.5,321
1684976652428756854,318,317.5,317,316.5,316,319,319.5,320,320.5,321
1684976652428756854,318,317.5,317,316.5,316,319,319.5,320,320.5,321.5
1684976652438906520,318,317.5,317,316.5,316,319,319.5,320,320.5,321.5
1684976652459280534,318,317.5,317,316.5,316,319,319.5,320,320.5,321.5
1684976654184875819,318,317.5,317,316.5,316,319,319.5,320,320.5,321.5
1684976654363935445,318.5,318,317.5,317,316.5,319,319.5,320,320.5,321.5
1684976654400215963,318.5,318,317.5,317,316.5,319,319.5,320,320.5,321.5
1684976654432604866,318.5,318,317.5,317,316.5,319,319.5,320,320.5,321
1684976654883556256,318.5,318,317.5,317,316.5,319,319.5,320,320.5,321
1684976654973402498,318.5,318,317.5,317,316.5,319,319.5,320,320.5,321
1684976655886739786,318.5,318,317.5,317,316.5,319,319.5,320,320.5,321
1684976656755489299,318.5,318,317.5,317,316.5,319,319.5,320,320.5,321
1684976661309754562,318.5,318,317.5,317,316.5,319,319.5,320,320.5,321
1684976661353104915,318.5,318,317.5,317,316.5,319,319.5,320,320.5,321
1684976661353104915,318,317.5,317,316.5,316,319,319.5,320,320.5,321
1684976661386527548,318,317.5,317,316.5,316,319,319.5,320,320.5,321.5
1684976661418316504,318,317.5,317,316.5,316,319,319.5,320,320.5,321.5
1684976663400774155,318.5,318,317.5,317,316.5,319,319.5,320,320.5,321.5
1684976663421324309,318.5,318,317.5,317,316.5,319,319.5,320,320.5,321.5
1684976663421324309,318,317.5,317,316.5,316,319,319.5,320,320.5,321.5
1684976663443212125,318,317.5,317,316.5,316,319,319.5,320,320.5,321
1684976663443212125,318,317.5,317,316.5,316,319,319.5,320,320.5,321.5
1684976663475542387,318,317.5,317,316.5,316,319,319.5,320,320.5,321.5
1684976664203312291,318,317.5,317,316.5,316,319,319.5,320,320.5,321.5
1684976665405898894,318,317.5,317,316.5,316,319,319.5,320,320.5,321.5
1684976665543038733,318.5,318,317.5,317,316.5,319,319.5,320,320.5,321.5
1684976665565658703,318.5,318,317.5,317,316.5,319,319.5,320,320.5,321.5
1684976665565658703,318,317.5,317,316.5,316,319,319.5,320,320.5,321.5
1684976665585274593,318,317.5,317,316.5,316,319,319.5,320,320.5,321
1684976665585274593,318,317.5,317,316.5,316,319,319.5,320,320.5,321.5
1684976665606526786,318,317.5,317,316.5,316,319,319.5,320,320.5,321.5
1684976665825550797,318.5,318,317.5,317,316.5,319,319.5,320,320.5,321.5
1684976665861514722,318.5,318,317.5,317,316.5,319,319.5,320,320.5,321.5
1684976665861514722,318,317.5,317,316.5,316,319,319.5,320,320.5,321.5
1684976665905564238,318,317.5,317,316.5,316,319,319.5,320,320.5,321
1684976665905564238,318,317.5,317,316.5,316,319,319.5,320,320.5,321.5
1684976665939332640,318,317.5,317,316.5,316,319,319.5,320,320.5,321.5
1684976666269051448,318.5,318,317.5,317,316.5,319,319.5,320,320.5,321.5
1684976666302314401,318.5,318,317.5,317,316.5,319,319.5,320,320.5,321.5
1684976666325358628,318.5,318,317.5,317,316.5,319,319.5,320,320.5,321.5
1684976666325358628,318.5,318,317.5,317,316.5,319,319.5,320,320.5,321
1684976667722084771,0,0,0,0,0,0,0,0,0,0
1684976667722084771,318,317.5,317,316.5,316,319,319.5,320,320.5,321
1684976667746082608,318,317.5,317,316.5,316,319,319.5,320,320.5,321.5
1684976667756964760,318,317.5,317,316.5,316,318.5,319,319.5,320,320.5
1684976667757102449,318,317.5,317,316.5,316,318.5,319,319.5,320,320.5
1684976667767366420,318,317.5,317,316.5,316,318.5,319,319.5,320,320.5
1684976667767503968,318,317.5,317,316.5,316,318.5,319,319.5,320,320.5
1684976667779995933,318,317.5,317,316.5,316,318.5,319,319.5,320,320.5
1684976667789799339,318,317.5,317,316.5,316,318.5,319,319.5,320,320.5
1684976667789964529,318,317.5,317,316.5,316,318.5,319,319.5,320,320.5
1684976667842073527,318,317.5,317,316.5,316,318.5,319,319.5,320,320.5
1684976668271292844,318,317.5,317,316.5,316,318.5,319,319.5,320,320.5
1684976668924927976,318,317.5,317,316.5,316,318.5,319,319.5,320,320.5
1684976671259459257,318,317.5,317,316.5,316,318.5,319,319.5,320,320.5
1684976671334926311,318,317.5,317,316.5,316,318.5,319,319.5,320,320.5
1684976671390128036,318,317.5,317,316.5,316,318.5,319,319.5,320,320.5
1684976672463438044,318,317.5,317,316.5,316,318.5,319,319.5,320,320.5
1684976672483875637,317.5,317,316.5,316,315.5,318.5,319,319.5,320,320.5
1684976672505431700,317.5,317,316.5,316,315.5,318.5,319,319.5,320,321.5
1684976672505431700,317.5,317,316.5,316,315.5,318.5,319,319.5,320,321.5
1684976672515664643,317.5,317,316.5,316,315.5,318.5,319,319.5,320,321.5
1684976672528829250,317.5,317,316.5,316,315.5,318.5,319,319.5,320,321.5
1684976672528829250,317.5,317,316.5,316,315.5,318.5,319,319.5,320,321.5
1684976672945698239,317.5,317,316.5,316,315.5,318,318.5,319,319.5,320
1684976672980427735,317.5,317,316.5,316,315.5,318,318.5,319,319.5,320
1684976672980535468,317.5,317,316.5,316,315.5,318,318.5,319,319.5,320
1684976673014144671,317.5,317,316.5,316,315.5,318,318.5,319,319.5,320
1684976675758593740,317.5,317,316.5,316,315.5,318,318.5,319,319.5,320
1684976676550833961,317.5,317,316.5,316,315.5,318,318.5,319,319.5,320
1684976676584622582,317,316.5,316,315.5,315,318,318.5,319,319.5,320
1684976676616680192,317,316.5,316,315.5,315,318,318.5,319,319.5,320
1684976676616680192,317,316.5,316,315.5,315,318,318.5,319,319.5,320
1684976676630806565,317,316.5,316,315.5,315,318,318.5,319,319.5,320
1684976676652662020,317,316.5,316,315.5,315,318,318.5,319,319.5,320
1684976677834253213,317,316.5,316,315.5,315,318,318.5,319,319.5,320
1684976678613716996,317,316.5,316,315.5,315,318,318.5,319,319.5,320
1684976678644439570,317,316.5,316,315.5,315,318,318.5,319,319.5,320
1684976679903361596,317,316.5,316,315.5,315,318,318.5,319,319.5,320
1684976680465006170,317.5,317,316.5,316,315.5,318,318.5,319,319.5,320
1684976680498051124,317.5,317,316.5,316,315.5,318,318.5,319,319.5,320
1684976680498051124,317.5,317,316.5,316,315.5,318,318.5,319,319.5,320
1684976680532503410,317.5,317,316.5,316,315.5,318,318.5,319,319.5,320
1684976681636350384,317.5,317,316.5,316,315.5,318,318.5,319,319.5,320
1684976681658944636,317.5,317,316.5,316,315.5,318,318.5,319,319.5,320
1684976682101298874,317.5,317,316.5,316,315.5,318,318.5,319,319.5,320
1684976682167039266,317.5,317,316.5,316,315.5,318,318.5,319,319.5,320
1684976683583084351,317.5,317,316.5,316,315.5,318,318.5,319,319.5,320
1684976684111208438,317.5,317,316.5,316,315.5,318,318.5,319,319.5,320
1684976684132433670,317.5,317,316.5,316,315.5,318.5,319,319.5,320,321.5
1684976684162760070,317.5,317,316.5,316,315.5,318.5,319,319.5,320,321.5
1684976684162852072,317.5,317,316.5,316,315.5,318.5,319,319.5,320,321.5
1684976684162852072,317.5,317,316.5,316,315.5,318.5,319,319.5,320,321.5
1684976684220291398,318,317.5,317,316.5,316,318.5,319,319.5,320,321.5
1684976684233717427,318,317.5,317,316.5,316,318.5,319,319.5,320,321.5
1684976684264073612,318,317.5,317,316.5,316,318.5,319,319.5,320,321.5
1684976684264117855,318,317.5,317,316.5,316,318.5,319,319.5,320,320.5
1684976684467724971,317.5,317,316.5,316,315.5,318.5,319,319.5,320,320.5
1684976684501265365,317.5,317,316.5,316,315.5,318.5,319,319.5,320,320.5
1684976684501265365,317.5,317,316.5,316,315.5,318.5,319,319.5,320,321.5
1684976684501439131,317.5,317,316.5,316,315.5,318,318.5,319,319.5,320
1684976684534417821,317.5,317,316.5,316,315.5,318,318.5,319,319.5,320
1684976684534417821,317.5,317,316.5,316,315.5,318,318.5,319,319.5,320
1684976684567166298,317.5,317,316.5,316,315.5,318,318.5,319,319.5,320
1684976685114985013,317.5,317,316.5,316,315.5,318,318.5,319,319.5,320
1684976685172579400,317.5,317,316.5,316,315.5,318,318.5,319,319.5,320
1684976686759760604,317.5,317,316.5,316,315.5,318,318.5,319,319.5,320
1684976688211604975,317.5,317,316.5,316,315.5,318.5,319,319.5,320,321.5
1684976688244449683,317.5,317,316.5,316,315.5,318.5,319,319.5,320,321.5
1684976688244449683,317.5,317,316.5,316,315.5,318.5,319,319.5,320,321.5
1684976688301761540,317.5,317,316.5,316,315.5,318.5,319,319.5,320,321.5
1684976688800517306,317.5,317,316.5,316,315.5,318,318.5,319,319.5,320
1684976688820867034,317.5,317,316.5,316,315.5,318,318.5,319,319.5,320
1684976688899897749,317.5,317,316.5,316,315.5,318,318.5,319,319.5,320
1684976688978241414,317.5,317,316.5,316,315.5,318,318.5,319,319.5,320
1684976689088449878,317.5,317,316.5,316,315.5,318.5,319,319.5,320,321.5
1684976689098667302,317.5,317,316.5,316,315.5,318,318.5,319,319.5,320
1684976689110678043,317.5,317,316.5,316,315.5,318,318.5,319,319.5,320
1684976689120853668,317.5,317,316.5,316,315.5,318,318.5,319,319.5,320
1684976689132295200,317.5,317,316.5,316,315.5,318,318.5,319,319.5,320
1684976689140892422,317.5,317,316.5,316,315.5,318,318.5,319,319.5,320
1684976689201960752,317.5,317,316.5,316,315.5,318,318.5,319,319.5,320
1684976689557639942,317.5,317,316.5,316,315.5,318,318.5,319,319.5,320
1684976690026487463,317.5,317,316.5,316,315.5,318,318.5,319,319.5,320
1684976690844337008,317.5,317,316.5,316,315.5,318,318.5,319,319.5,320
1684976691181902018,317.5,317,316.5,316,315.5,318.5,319,319.5,320,321.5
1684976691214114039,317.5,317,316.5,316,315.5,318.5,319,319.5,320,321.5
1684976692217555384,317.5,317,316.5,316,315.5,318.5,319,319.5,320,321.5
1684976693699261342,317.5,317,316.5,316,315.5,318.5,319,319.5,320,321.5
1684976694547129118,317.5,317,316.5,316,315.5,318.5,319,319.5,320,321.5
1684976694630144615,317.5,317,316.5,316,315.5,318.5,319,319.5,320,321.5
1684976696483566754,317.5,317,316.5,316,315.5,318.5,319,319.5,320,321.5
1684976696710068866,317.5,317,316.5,316,315.5,318.5,319,319.5,320,321.5
1684976696740868364,317.5,317,316.5,316,315.5,319,319.5,320,321.5,322
1684976696771599324,317.5,317,316.5,316,315.5,319,319.5,320,321.5,322
1684976696771599324,317.5,317,316.5,316,315.5,319,319.5,320,321.5,322
1684976696793232712,317.5,317,316.5,316,315.5,319,319.5,320,321.5,322
1684976696793299668,317.5,317,316.5,316,315.5,319,319.5,320,321.5,322
1684976697161644088,317.5,317,316.5,316,315.5,319,319.5,320,321.5,322
1684976697855109203,317.5,317,316.5,316,315.5,319,319.5,320,321.5,322
1684976699153344363,317.5,317,316.5,316,315.5,319,319.5,320,321,321.5
1684976700326638849,318,317.5,317,316.5,316,319,319.5,320,321,321.5
1684976700349376911,318,317.5,317,316.5,316,319,319.5,320,321,321.5
1684976700382591634,318,317.5,317,316.5,316,319,319.5,320,321,321.5
1684976701153077741,318,317.5,317,316.5,316,319,319.5,320,321,321.5
1684976702022818505,318,317.5,317,316.5,316,319,319.5,320,321,321.5
1684976702617671450,318,317.5,317,316.5,316,319,319.5,320,321,321.5
1684976702648153001,318,317.5,317,316.5,316,319,319.5,320,321,321.5
1684976705363832925,318,317.5,317,316.5,316,319,319.5,320,321,321.5
1684976705374668680,318,317.5,317,316.5,316,319,319.5,320,321,321.5
1684976707517243161,318,317.5,317,316.5,316,319,319.5,320,321,321.5
1684976709076357729,318,317.5,317,316.5,316,319,319.5,320,321,321.5
1684976709274218625,318,317.5,317,316.5,316,319,319.5,320,321,321.5
1684976710015080091,318,317.5,317,316.5,316,319,319.5,320,321,321.5
1684976711802753032,318,317.5,317,316.5,316,319,319.5,320,321,321.5
1684976713606359289,318,317.5,317,316.5,316,319,319.5,320,321,321.5
1684976713701255663,318,317.5,317,316.5,316,319,319.5,320,321,321.5
1684976715980703984,318,317.5,317,316.5,316,319,319.5,320,321,321.5
1684976717403269472,318,317.5,317,316.5,316,319,319.5,320,321,321.5
1684976718698464304,318.5,318,317.5,317,316.5,319,319.5,320,321,321.5
1684976718732170770,318.5,318,317.5,317,316.5,319,319.5,320,321,321.5
1684976718767263098,318.5,318,317.5,317,316.5,319,319.5,320,321,321.5
1684976718767407710,318,317.5,317,316.5,316,319,319.5,320,321,321.5
1684976718777229000,318,317.5,317,316.5,316,319,319.5,320,321,321.5
1684976718799919924,318,317.5,317,316.5,316,319,319.5,320,321,321.5
1684976718812041723,318,317.5,317,316.5,316,319,319.5,320,321,321.5
1684976719084454636,318,317.5,317,316.5,316,319,319.5,320,321,321.5
1684976722555846408,318,317.5,317,316.5,316,319,319.5,320,321,321.5
1684976722591003297,318,317.5,317,316.5,316,319,319.5,320,321,321.5
1684976725215378030,318,317.5,317,316.5,316,319,319.5,320,321,321.5
1684976726388744111,318,317.5,317,316.5,316,319,319.5,320,321,321.5
1684976727984285363,318,317.5,317,316.5,316,319,319.5,320,321,321.5
1684976728241833065,318,317.5,317,316.5,316,318.5,319,319.5,320,321
1684976728275424926,318,317.5,317,316.5,316,318.5,319,319.5,320,321
1684976728319340461,318,317.5,317,316.5,316,318.5,319,319.5,320,321
1684976728341626875,318,317.5,317,316.5,316,318.5,319,319.5,320,321
1684976730018090023,318,317.5,317,316.5,316,318.5,319,319.5,320,321
1684976730680153219,318,317.5,317,316.5,316,318.5,319,319.5,320,321
1684976733455527193,318,317.5,317,316.5,316,318.5,319,319.5,320,321
1684976734141482669,318,317.5,317,316.5,316,318.5,319,319.5,320,321
1684976734254352139,318,317.5,317,316.5,316,319,319.5,320,321,321.5
1684976735459514850,318.5,318,317.5,317,316.5,319,319.5,320,321,321.5
1684976735493424638,318.5,318,317.5,317,316.5,319,319.5,320,321,321.5
1684976735524482651,318.5,318,317.5,317,316.5,319,319.5,320,321,321.5
1684976736972330539,318.5,318,317.5,317,316.5,319,319.5,320,321,321.5
1684976738467185877,318.5,318,317.5,317,316.5,319,319.5,320,321,321.5
1684976739284086441,318.5,318,317.5,317,316.5,319,319.5,320,321,321.5
1684976744108209645,318.5,318,317.5,317,316.5,319,319.5,320,321,321.5
1684976744578335106,318.5,318,317.5,317,316.5,319,319.5,320,321,321.5
1684976747885792833,318.5,318,317.5,317,316.5,319,319.5,320,321,321.5
1684976748419415243,318.5,318,317.5,317,316.5,319,319.5,320,321,321.5
1684976748519747925,318.5,318,317.5,317,316.5,319,319.5,320,321,321.5
1684976750791065922,318.5,318,317.5,317,316.5,319,319.5,320,321,321.5
1684976751082906521,318.5,318,317.5,317,316.5,319,319.5,320,321,321.5
1684976751978574907,318.5,318,317.5,317,316.5,319,319.5,320,321,321.5
1684976752334745591,318.5,318,317.5,317,316.5,319,319.5,320,321,321.5
1684976753417488390,318.5,318,317.5,317,316.5,319,319.5,320,321,321.5
1684976753594684287,318.5,318,317.5,317,316.5,319,319.5,320,321,321.5
1684976755297590765,318.5,318,317.5,317,316.5,319,319.5,320,321,321.5
1684976756273538741,318.5,318,317.5,317,316.5,319,319.5,320,321,321.5
1684976756284466839,318.5,318,317.5,317,316.5,319,319.5,320,321,321.5
1684976756492975958,318.5,318,317.5,317,316.5,319,319.5,320,321,321.5
1684976758938116429,318.5,318,317.5,317,316.5,319,319.5,320,321,321.5
1684976761384857264,318.5,318,317.5,317,316.5,319,319.5,320,321,321.5
1684976762187823395,0,0,0,0,0,0,0,0,0,0
1684976762187823395,318.5,318,317.5,317,316.5,319.5,320,321,321.5,322
1684976762221790420,318.5,318,317.5,317,316.5,319.5,320,321,321.5,322
1684976764574613569,319,318.5,318,317.5,317,319.5,320,321,321.5,322
1684976764617363545,319,318.5,318,317.5,317,319.5,320,321,321.5,322
1684976764650844297,319,318.5,318,317.5,317,319.5,320,321,321.5,322
1684976764897389282,0,0,0,0,0,0,0,0,0,0
1684976764897389282,0,0,0,0,0,0,0,0,0,0
1684976764897389282,318,317.5,317,316.5,316,319.5,320,321,321.5,322
1684976764943964039,318,317.5,317,316.5,316,319.5,320,321,321.5,322
1684976764944147042,318,317.5,317,316.5,316,319,319.5,320,321,321.5
1684976764952732592,318,317.5,317,316.5,316,319,319.5,320,321,321.5
1684976764973863757,318,317.5,317,316.5,316,319,319.5,320,321,321.5
1684976764973863757,318,317.5,317,316.5,316,319,319.5,320,321,321.5
1684976765360574502,318,317.5,317,316.5,316,319,319.5,320,321,321.5
1684976767130195741,318,317.5,317,316.5,316,319,319.5,320,321,321.5
1684976768174621378,318.5,318,317.5,317,316.5,319,319.5,320,321,321.5
1684976768209438710,318.5,318,317.5,317,316.5,319,319.5,320,321,321.5
1684976768242110884,318.5,318,317.5,317,316.5,319,319.5,320,321,321.5
1684976770037274040,318.5,318,317.5,317,316.5,319,319.5,320,321,321.5
1684976770071039287,318.5,318,317.5,317,316.5,319.5,320,321,321.5,322
1684976770114105015,318.5,318,317.5,317,316.5,319,319.5,320,321,321.5
1684976771520456131,318.5,318,317.5,317,316.5,319.5,320,321,321.5,322
1684976772014523856,319,318.5,318,317.5,317,319.5,320,321,321.5,322
1684976772026988459,319,318.5,318,317.5,317,319.5,320,321,321.5,322
1684976772037208177,319,318.5,318,317.5,317,319.5,320,321,321.5,322
1684976772037281134,318.5,318,317.5,317,316.5,319.5,320,321,321.5,322
1684976772037281134,318.5,318,317.5,317,316.5,319,319.5,320,321,321.5
1684976772082325207,318.5,318,317.5,317,316.5,319,319.5,320,321,321.5
1684976772082325207,318.5,318,317.5,317,316.5,319,319.5,320,321,321.5
1684976772117338988,318.5,318,317.5,317,316.5,319,319.5,320,321,321.5
1684976774557122140,318.5,318,317.5,317,316.5,319,319.5,320,321,321.5
1684976774588612666,318,317.5,317,316.5,316,319,319.5,320,321,321.5
1684976774620637524,318,317.5,317,316.5,316,319,319.5,320,321,321.5
1684976774643377450,318,317.5,317,316.5,316,319,319.5,320,321,321.5
1684976774654015404,318,317.5,317,316.5,316,319,319.5,320,321,321.5
1684976774819950578,318,317.5,317,316.5,316,319.5,320,321,321.5,322
1684976774854201005,318,317.5,317,316.5,316,319.5,320,321,321.5,322
1684976774978506797,318,317.5,317,316.5,316,319.5,320,321,321.5,322
1684976775592950696,318,317.5,317,316.5,316,319.5,320,321,321.5,322
1684976776791731996,318.5,318,317.5,317,316.5,319.5,320,321,321.5,322
1684976776812613603,318.5,318,317.5,317,316.5,319.5,320,321,321.5,322
1684976776812613603,318,317.5,317,316.5,316,319.5,320,321,321.5,322
1684976776835095264,318,317.5,317,316.5,316,319.5,320,321,321.5,322
1684976776835131231,318,317.5,317,316.5,316,319.5,320,321,321.5,322
1684976776835131231,318,317.5,317,316.5,316,319.5,320,321,321.5,322
1684976776855102549,318,317.5,317,316.5,316,319.5,320,321,321.5,322
1684976776855222293,318,317.5,317,316.5,316,319.5,320,321,321.5,322
1684976776855222293,317.5,317,316.5,316,315.5,319.5,320,321,321.5,322
1684976776888052344,317.5,317,316.5,316,315.5,319.5,320,321,321.5,322
1684976776932865213,317.5,317,316.5,316,315.5,319.5,320,320.5,321,321.5
1684976777896434026,317.5,317,316.5,316,315.5,319.5,320,320.5,321,321.5
1684976778338928098,317.5,317,316.5,316,315.5,319,319.5,320,320.5,321
1684976778373780305,317.5,317,316.5,316,315.5,319,319.5,320,320.5,321
1684976778373780305,317.5,317,316.5,316,315.5,319,319.5,320,320.5,321
1684976778373815561,317.5,317,316.5,316,315.5,319,319.5,320,320.5,321
1684976778384492869,317.5,317,316.5,316,315.5,318.5,319,319.5,320,320.5
1684976778417558442,317.5,317,316.5,316,315.5,318.5,319,319.5,320,320.5
1684976778495945609,317.5,317,316.5,316,315.5,318.5,319,319.5,320,320.5
1684976778518404677,317,316.5,316,315.5,315,318.5,319,319.5,320,320.5
1684976778518438681,317,316.5,316,315.5,315,318.5,319,319.5,320,320.5
1684976778552245205,317,316.5,316,315.5,315,318.5,319,319.5,320,321
1684976778562193153,317,316.5,316,315.5,315,318.5,319,319.5,320,321
1684976778562306856,317,316.5,316,315.5,315,318.5,319,319.5,320,321
1684976778572405938,317,316.5,316,315.5,315,318.5,319,319.5,320,321
1684976778584971631,317,316.5,316,315.5,315,318.5,319,319.5,320,321
1684976778595481965,317,316.5,316,315.5,315,318,318.5,319,319.5,320
1684976778664505671,317,316.5,316,315.5,315,318,318.5,319,319.5,320
1684976778798597437,317,316.5,316,315.5,315,317.5,318,318.5,319,319.5
1684976778839949889,316.5,316,315.5,315,314.5,317.5,318,318.5,319,319.5
1684976778839949889,316.5,316,315.5,315,314.5,317.5,318,318.5,319,319.5
1684976778840058763,316.5,316,315.5,315,314.5,318,318.5,319,319.5,320
1684976778871531997,316.5,316,315.5,315,314.5,318.5,319,319.5,320,321
1684976778871531997,316.5,316,315.5,315,314.5,318.5,319,319.5,320,321
1684976778880822280,316.5,316,315.5,315,314.5,318.5,319,319.5,320,321
1684976778903222437,316.5,316,315.5,315,314.5,318.5,319,319.5,320,321
1684976778903222437,316.5,316,315.5,315,314.5,318.5,319,319.5,320,321
1684976778903333706,316.5,316,315.5,315,314.5,319,319.5,320,321,321.5
1684976778903438754,316.5,316,315.5,315,314.5,318,319,319.5,320,321
1684976778936319319,316.5,316,315.5,315,314.5,318,319,319.5,320,321
1684976779320257628,316.5,316,315.5,315,314.5,319,319.5,320,321,321.5
1684976779352699740,317,316.5,316,315.5,315,319,319.5,320,321,321.5
1684976779383564170,317,316.5,316,315.5,315,319,319.5,320,321,321.5
1684976779383564170,317,316.5,316,315.5,315,319,319.5,320,321,321.5
1684976779383564170,317,316.5,316,315.5,315,319,319.5,320,321,321.5
1684976779383672955,317,316.5,316,315.5,315,319,319.5,320,321,321.5
1684976779413322854,316.5,316,315.5,315,314.5,319,319.5,320,321,321.5
1684976779413322854,316.5,316,315.5,315,314.5,319,319.5,320,321,321.5
1684976779445795083,316.5,316,315.5,315,314.5,319,319.5,320,321,321.5
1684976779476656187,316.5,316,315.5,315,314.5,319,319.5,320,321,321.5
1684976779854484835,318,316.5,316,315.5,315,319,319.5,320,321,321.5
1684976779889274845,318,316.5,316,315.5,315,319,319.5,320,321,321.5
1684976779889333896,316.5,316,315.5,315,314.5,319,319.5,320,321,321.5
1684976779889333896,316.5,316,315.5,315,314.5,318,319,319.5,320,321
1684976779889333896,316.5,316,315.5,315,314.5,318,319,319.5,320,321
1684976779911737801,316.5,316,315.5,315,314.5,318,319,319.5,320,321
1684976779924079383,316.5,316,315.5,315,314.5,318,319,319.5,320,321
1684976779924079383,316.5,316,315.5,315,314.5,318,319,319.5,320,321
1684976779924113207,316.5,316,315.5,315,314.5,318,318.5,319,319.5,320
1684976779934268494,316.5,316,315.5,315,314.5,317.5,318,318.5,319,319.5
1684976779946547398,316.5,316,315.5,315,314.5,317.5,318,318.5,319,319.5
1684976779959590057,316.5,316,315.5,315,314.5,317.5,318,318.5,319,319.5
1684976779970475495,316.5,316,315.5,315,314.5,317.5,318,318.5,319,319.5
1684976782443310935,316.5,316,315.5,315,314.5,317.5,318,318.5,319,319.5
1684976783369328995,316.5,316,315.5,315,314.5,317.5,318,318.5,319,319.5
1684976785505108631,316.5,316,315.5,315,314.5,317.5,318,318.5,319,319.5
1684976787641133888,316.5,316,315.5,315,314.5,317.5,318,318.5,319,319.5
1684976788098805316,316.5,316,315.5,315,314.5,317.5,318,318.5,319,319.5
1684976788129476283,316.5,316,315.5,315,314.5,317.5,318,318.5,319,319.5
1684976789165564035,316.5,316,315.5,315,314.5,317.5,318,318.5,319,319.5
1684976789546425287,317,316.5,316,315.5,315,317.5,318,318.5,319,319.5
1684976789576388816,317,316.5,316,315.5,315,317.5,318,318.5,319,319.5
1684976789576388816,317,316.5,316,315.5,315,317.5,318,319,319.5,320
1684976789607323628,317,316.5,316,315.5,315,317.5,318,319,319.5,320
1684976790135890867,317,316.5,316,315.5,315,317.5,318,319,319.5,320
1684976790179884829,317,316.5,316,315.5,315,318,319,319.5,320,321
1684976790214507736,317,316.5,316,315.5,315,318,319,319.5,320,321
1684976790798197421,316.5,316,315.5,315,314.5,318,319,319.5,320,321
1684976790798255370,317,316.5,316,315.5,315,318,319,319.5,320,321
1684976790835450016,317,316.5,316,315.5,315,318,319,319.5,320,321
1684976790865927790,317,316.5,316,315.5,315,318,319,319.5,320,321
1684976790865927790,317,316.5,316,315.5,315,318,319,319.5,320,321
1684976792779572373,317,316.5,316,315.5,315,318,319,319.5,320,321
1684976794436954977,317,316.5,316,315.5,315,319,319.5,320,321,321.5
1684976794480728074,317,316.5,316,315.5,315,319,319.5,320,321,321.5
1684976794513399787,317,316.5,316,315.5,315,319,319.5,320,321,321.5
1684976795051077833,317,316.5,316,315.5,315,319,319.5,320,321,321.5
1684976795523923362,317,316.5,316,315.5,315,319,319.5,320,321,321.5
1684976795556100296,317,316.5,316,315.5,315,319,319.5,320,321,321.5
1684976796256089391,317,316.5,316,315.5,315,319,319.5,320,321,321.5
1684976796480196066,317,316.5,316,315.5,315,319,319.5,320,321,321.5
1684976796984776870,317.5,317,316.5,316,315.5,319,319.5,320,321,321.5
1684976797007261817,317.5,317,316.5,316,315.5,319,319.5,320,321,321.5
1684976797019631001,317,316.5,316,315.5,315,319,319.5,320,321,321.5
1684976797019631001,317,316.5,316,315.5,315,319,319.5,320,321,321.5
1684976797039708307,317,316.5,316,315.5,315,319,319.5,320,320.5,321
1684976797051676849,317,316.5,316,315.5,315,319,319.5,320,321,321.5
1684976797070076556,317,316.5,316,315.5,315,319,319.5,320,321,321.5
1684976797070186612,317,316.5,316,315.5,315,319,319.5,320,321,321.5
1684976797635782947,317,316.5,316,315.5,315,319,319.5,320,321,321.5
1684976798107650619,317,316.5,316,315.5,315,319,319.5,320,321,321.5
1684976798289700219,317,316.5,316,315.5,315,318,319,319.5,320,321
1684976798322746576,317,316.5,316,315.5,315,318,319,319.5,320,321
1684976798322746576,317,316.5,316,315.5,315,318,319,319.5,320,321
1684976798322746576,317,316.5,316,315.5,315,318,319,319.5,320,321
1684976801330730373,317.5,317,316.5,316,315.5,318,319,319.5,320,321
1684976801372587633,317.5,317,316.5,316,315.5,318,319,319.5,320,321
1684976801372587633,317,316.5,316,315.5,315,318,319,319.5,320,321
1684976801372731312,317,316.5,316,315.5,315,317.5,318,319,319.5,320
1684976802188239302,317,316.5,316,315.5,315,317.5,318,319,319.5,320
1684976802223065441,317,316.5,316,315.5,315,317.5,318,319,319.5,320
1684976802509745932,317,316.5,316,315.5,315,317.5,318,319,319.5,320
1684976802922593140,317,316.5,316,315.5,315,317.5,318,319,319.5,320
1684976804173059683,317,316.5,316,315.5,315,317.5,318,319,319.5,320
1684976804208510624,317,316.5,316,315.5,315,317.5,318,319,319.5,320
1684976805192714772,317,316.5,316,315.5,315,317.5,318,319,319.5,320
1684976805226074758,316.5,316,315.5,315,314.5,317.5,318,319,319.5,320
1684976805257225135,316.5,316,315.5,315,314.5,317.5,318,319,319.5,320
1684976805267446867,316.5,316,315.5,315,314.5,317.5,318,319,319.5,320
1684976805293401949,316.5,316,315.5,315,314.5,317.5,318,319,319.5,320
1684976805781677158,317,316.5,316,315.5,315,317.5,318,319,319.5,320
1684976805818610032,317,316.5,316,315.5,315,317.5,318,319,319.5,320
1684976805818879999,316.5,316,315.5,315,314.5,317.5,318,319,319.5,320
1684976805851150028,316.5,316,315.5,315,314.5,317.5,318,319,319.5,320
1684976805851268721,316.5,316,315.5,315,314.5,317.5,318,319,319.5,320
1684976805873500633,316.5,316,315.5,315,314.5,317.5,318,319,319.5,320
1684976805885830302,316.5,316,315.5,315,314.5,317.5,318,319,319.5,320
1684976805908467185,316.5,316,315.5,315,314.5,318,319,319.5,320,321
1684976806645739862,316.5,316,315.5,315,314.5,317.5,318,319,319.5,320
1684976806762017772,316.5,316,315.5,315,314.5,317.5,318,319,319.5,320
1684976807013213078,316.5,316,315.5,315,314.5,317.5,318,319,319.5,320
1684976810895269293,316.5,316,315.5,315,314.5,317.5,318,319,319.5,320
1684976813096650722,317,316.5,316,315.5,315,317.5,318,319,319.5,320
1684976813138520014,317,316.5,316,315.5,315,317.5,318,319,319.5,320
1684976813138520014,317,316.5,316,315.5,315,317.5,318,319,319.5,320
1684976813172170596,317,316.5,316,315.5,315,317.5,318,319,319.5,320
1684976813611196205,317,316.5,316,315.5,315,317.5,318,319,319.5,320
1684976813950229122,317,316.5,316,315.5,315,317.5,318,319,319.5,320
1684976814598372934,317,316.5,316,315.5,315,317.5,318,319,319.5,320
1684976814622765102,317,316.5,316,315.5,315,318,319,319.5,320,321
1684976814672864417,317,316.5,316,315.5,315,317.5,318,319,319.5,320
1684976814773314078,317,316.5,316,315.5,315,317.5,318,319,319.5,320
1684976815233988775,316.5,316,315.5,315,314.5,317.5,318,319,319.5,320
1684976815254693099,316.5,316,315.5,315,314.5,317.5,318,319,319.5,320
1684976815264666164,316.5,316,315.5,315,314.5,317,317.5,318,319,319.5
1684976815275107498,316.5,316,315.5,315,314.5,317,317.5,318,319,319.5
1684976815795145273,316.5,316,315.5,315,314.5,317,317.5,318,319,319.5
1684976815795145273,316.5,316,315.5,315,314.5,317,317.5,318,319,319.5
1684976815905780548,316.5,316,315.5,315,314.5,317.5,318,319,319.5,320
1684976817633619289,316.5,316,315.5,315,314.5,317.5,318,319,319.5,320
1684976818810146266,317,316.5,316,315.5,315,317.5,318,319,319.5,320
1684976818843019037,317,316.5,316,315.5,315,317.5,318,319,319.5,320
1684976818876371378,317,316.5,316,315.5,315,317.5,318,319,319.5,320
1684976819800597915,317,316.5,316,315.5,315,317.5,318,319,319.5,320
1684976819812554674,317,316.5,316,315.5,315,317.5,318,319,319.5,320
1684976820104245092,317,316.5,316,315.5,315,317.5,318,319,319.5,320
1684976820291551392,317,316.5,316,315.5,315,317.5,318,319,319.5,320
1684976820325479144,317,316.5,316,315.5,315,317.5,318,319,319.5,320
1684976820889771470,317.5,317,316.5,316,315.5,318,319,319.5,320,321
1684976820921082248,317.5,317,316.5,316,315.5,318,319,319.5,320,321
1684976820956264595,317.5,317,316.5,316,315.5,318,319,319.5,320,320.5
1684976821100534241,317.5,317,316.5,316,315.5,318,319,319.5,320,320.5
1684976823385458196,317.5,317,316.5,316,315.5,318,319,319.5,320,320.5
1684976824406062558,317.5,317,316.5,316,315.5,318,319,319.5,320,320.5
1684976825883643474,317.5,317,316.5,316,315.5,318,319,319.5,320,320.5
1684976826686692241,317.5,317,316.5,316,315.5,318,319,319.5,320,320.5
1684976826818116188,317.5,317,316.5,316,315.5,318,319,319.5,320,320.5
1684976826829903299,317.5,317,316.5,316,315.5,318,319,319.5,320,320.5
1684976828622762150,317.5,317,316.5,316,315.5,318,319,319.5,320,320.5
1684976828655055493,317.5,317,316.5,316,315.5,318,319,319.5,320,320.5
1684976829378174988,317.5,317,316.5,316,315.5,318,319,319.5,320,320.5
1684976829387901480,317.5,317,316.5,316,315.5,318,319,319.5,320,320.5
1684976831289542126,317.5,317,316.5,316,315.5,318,319,319.5,320,320.5
1684976832733415523,317.5,317,316.5,316,315.5,318,319,319.5,320,320.5
1684976832786721318,317.5,317,316.5,316,315.5,318,319,319.5,320,320.5
1684976832961784361,317.5,317,316.5,316,315.5,318,319,319.5,320,320.5
1684976833847561676,317.5,317,316.5,316,315.5,318,319,319.5,320,320.5
1684976834494604973,317.5,317,316.5,316,315.5,318,319,319.5,320,320.5
1684976835390835705,317.5,317,316.5,316,315.5,318,319,319.5,320,320.5
1684976835619516268,317.5,317,316.5,316,315.5,318,319,319.5,320,320.5
1684976840758607051,317.5,317,316.5,316,315.5,318,319,319.5,320,320.5
1684976843295333704,317.5,317,316.5,316,315.5,318,319,319.5,320,320.5
1684976843317985103,317.5,317,316.5,316,315.5,318,319,319.5,320,320.5
1684976843657442687,317.5,317,316.5,316,315.5,318,319,319.5,320,320.5
1684976844324041180,317.5,317,316.5,316,315.5,318,319,319.5,320,320.5
1684976845757240888,317.5,317,316.5,316,315.5,318,319,319.5,320,320.5
1684976846596520470,317.5,317,316.5,316,315.5,318,319,319.5,320,320.5
1684976846685404286,317.5,317,316.5,316,315.5,318,319,319.5,320,320.5
1684976848119002511,317.5,317,316.5,316,315.5,318,319,319.5,320,320.5
1684976851700356852,317.5,317,316.5,316,315.5,318,318.5,319,319.5,320
1684976853368174109,317.5,317,316.5,316,315.5,318,318.5,319,319.5,320
1684976857513436645,317.5,317,316.5,316,315.5,318,318.5,319,319.5,320
1684976857636268650,317.5,317,316.5,316,315.5,318,318.5,319,319.5,320
1684976859437538935,317.5,317,316.5,316,315.5,318,318.5,319,319.5,320
1684976859616646031,317.5,317,316.5,316,315.5,318,318.5,319,319.5,320
1684976859986418503,317.5,317,316.5,316,315.5,318,318.5,319,319.5,320
1684976862837302457,317.5,317,316.5,316,315.5,318,318.5,319,319.5,320
1684976863488701071,318,317.5,317,316.5,316,318.5,319,319.5,320,320.5
1684976863523265598,318,317.5,317,316.5,316,318.5,319,319.5,320,321
1684976863543733288,318,317.5,317,316.5,316,318.5,319,319.5,320,321
1684976863543733288,318,317.5,317,316.5,316,318.5,319,319.5,320,321
1684976863593386205,318,317.5,317,316.5,316,318.5,319,319.5,320,321
1684976863928747137,318,317.5,317,316.5,316,318.5,319,319.5,320,321
1684976863928747137,318,317.5,317,316.5,316,318.5,319,319.5,320,321
1684976864075537275,318,317.5,317,316.5,316,318.5,319,319.5,320,321
1684976864108143716,318,317.5,317,316.5,316,318.5,319,319.5,320,321
1684976864966193942,318,317.5,317,316.5,316,318.5,319,319.5,320,321
1684976865846817682,318,317.5,317,316.5,316,318.5,319,319.5,320,321
1684976868476775914,318,317.5,317,316.5,316,318.5,319,319.5,320,321
1684976871639539132,318,317.5,317,316.5,316,318.5,319,319.5,320,321
1684976871847751946,318,317.5,317,316.5,316,318.5,319,319.5,320,321
1684976871873160332,318,317.5,317,316.5,316,318.5,319,319.5,320,321
1684976875778776727,318,317.5,317,316.5,316,318.5,319,319.5,320,321
1684976877087778725,318,317.5,317,316.5,316,318.5,319,319.5,320,321
1684976877142716004,318,317.5,317,316.5,316,318.5,319,319.5,320,321
1684976877731160848,318,317.5,317,316.5,316,318.5,319,319.5,320,321
1684976877753168599,317.5,317,316.5,316,315.5,318.5,319,319.5,320,321
1684976877775909788,317.5,317,316.5,316,315.5,318.5,319,319.5,320,321
1684976877776022239,317.5,317,316.5,316,315.5,318.5,319,319.5,320,321
1684976877794026833,317.5,317,316.5,316,315.5,318.5,319,319.5,320,321
1684976877794071828,317.5,317,316.5,316,315.5,318.5,319,319.5,320,320.5
1684976877817586689,317,316.5,316,315.5,315,318.5,319,319.5,320,320.5
1684976877840039896,317,316.5,316,315.5,315,318.5,319,319.5,320,321
1684976877864057100,317,316.5,316,315.5,315,318.5,319,319.5,320,321
1684976880255987238,317,316.5,316,315.5,315,318.5,319,319.5,320,321
1684976880661266878,317,316.5,316,315.5,315,318.5,319,319.5,320,321
1684976882807584533,317.5,317,316.5,316,315.5,318.5,319,319.5,320,321
1684976882840397641,317.5,317,316.5,316,315.5,318.5,319,319.5,320,321
1684976882876042828,317.5,317,316.5,316,315.5,318.5,319,319.5,320,320.5
1684976883031676230,317.5,317,316.5,316,315.5,318,318.5,319,319.5,320
1684976883054333891,317.5,317,316.5,316,315.5,318,318.5,319,319.5,320
1684976884951365064,317.5,317,316.5,316,315.5,318,318.5,319,319.5,320
1684976885578312189,317.5,317,316.5,316,315.5,318,318.5,319,319.5,320
1684976886096352324,317,316.5,316,315.5,315,318,318.5,319,319.5,320
1684976886300655286,317,316.5,316,315.5,315,318,318.5,319,319.5,320
1684976886333179042,317,316.5,316,315.5,315,318,318.5,319,319.5,320
1684976887106202926,316.5,316,315.5,315,314.5,317,318,318.5,319,319.5
1684976887128902025,316.5,316,315.5,315,314.5,317,318,318.5,319,319.5
1684976887149353544,316.5,316,315.5,315,314.5,317,318,318.5,319,319.5
1684976887149461857,316.5,316,315.5,315,314.5,317,318,318.5,319,319.5
1684976887161766029,316.5,316,315.5,315,314.5,317,318,318.5,319,319.5
1684976887204181377,316.5,316,315.5,315,314.5,317,318,318.5,319,319.5
1684976887236586179,316,315.5,315,314.5,314,316.5,317,318,318.5,319
1684976887271619997,316,315.5,315,314.5,314,317,318,318.5,319,319.5
1684976887271619997,316,315.5,315,314.5,314,317,318,318.5,319,319.5
1684976887306317835,316,315.5,315,314.5,314,317,318,318.5,319,319.5
1684976887675636095,316,315.5,315,314.5,314,317,317.5,318,318.5,319
1684976890293002595,316,315.5,315,314.5,314,317,317.5,318,318.5,319
1684976894133577562,316,315.5,315,314.5,314,317,317.5,318,318.5,319
1684976895920952318,316,315.5,315,314.5,314,317,317.5,318,318.5,319
1684976897605692440,316,315.5,315,314.5,314,317,317.5,318,318.5,319
1684976898176043993,316,315.5,315,314.5,314,317,317.5,318,318.5,319
1684976898210712466,316,315.5,315,314.5,314,317,317.5,318,318.5,319
1684976898210712466,316,315.5,315,314.5,314,317,317.5,318,318.5,319
1684976899669710492,316,315.5,315,314.5,314,317,317.5,318,318.5,319
1684976900397125793,316,315.5,315,314.5,314,316.5,317,317.5,318,318.5
1684976901206044332,316,315.5,315,314.5,314,316.5,317,317.5,318,318.5
1684976902288238514,316,315.5,315,314.5,314,316.5,317,317.5,318,318.5
1684976904322933831,316,315.5,315,314.5,314,316.5,317,317.5,318,318.5
1684976905785299851,316,315.5,315,314.5,314,316.5,317,317.5,318,318.5
1684976905820410654,316,315.5,315,314.5,314,316.5,317,317.5,318,318.5
1684976906717130686,316,315.5,315,314.5,314,316.5,317,317.5,318,318.5
1684976907264938652,316,315.5,315,314.5,314,316.5,317,317.5,318,318.5
1684976909351261093,316,315.5,315,314.5,314,316.5,317,317.5,318,318.5
1684976910698519391,316,315.5,315,314.5,314,316.5,317,317.5,318,318.5
1684976911172617011,316,315.5,315,314.5,314,316.5,317,317.5,318,318.5
1684976911315887180,316,315.5,315,314.5,314,316.5,317,317.5,318,318.5
1684976911861513851,316,315.5,315,314.5,314,316.5,317,317.5,318,318.5
1684976912716022518,316,315.5,315,314.5,314,316.5,317,317.5,318,318.5
1684976912908480371,316,315.5,315,314.5,314,316.5,317,317.5,318,318.5
1684976913720387902,316,315.5,315,314.5,314,316.5,317,317.5,318,318.5
1684976914487312935,316,315.5,315,314.5,314,316.5,317,317.5,318,318.5
1684976914909200387,316,315.5,315,314.5,314,316.5,317,317.5,318,318.5
1684976915158391140,316,315.5,315,314.5,314,316.5,317,317.5,318,318.5
1684976915630195434,316,315.5,315,314.5,314,316.5,317,317.5,318,318.5
1684976917753165453,316,315.5,315,314.5,314,316.5,317,317.5,318,318.5
1684976918261798175,316,315.5,315,314.5,314,316.5,317,317.5,318,318.5
1684976919228752457,316,315.5,315,314.5,314,316.5,317,317.5,318,318.5
1684976919306479905,316,315.5,315,314.5,314,316.5,317,317.5,318,318.5
1684976920072506582,316,315.5,315,314.5,314,316.5,317,317.5,318,318.5
1684976920280219056,316,315.5,315,314.5,314,316.5,317,317.5,318,318.5
1684976920710425798,316,315.5,315,314.5,314,316.5,317,317.5,318,318.5
1684976921569131305,316,315.5,315,314.5,314,316.5,317,317.5,318,318.5
1684976923400297794,316,315.5,315,314.5,314,316.5,317,317.5,318,318.5
1684976924931449654,316,315.5,315,314.5,314,316.5,317,317.5,318,318.5
1684976926505058982,316,315.5,315,314.5,314,316.5,317,317.5,318,318.5
1684976926836881892,316,315.5,315,314.5,314,316.5,317,317.5,318,318.5
1684976926986215526,316,315.5,315,314.5,314,316.5,317,317.5,318,318.5
1684976927341790151,316,315.5,315,314.5,314,317,317.5,318,318.5,319
1684976927376634103,316,315.5,315,314.5,314,317,317.5,318,318.5,319
1684976927639463383,316,315.5,315,314.5,314,317,317.5,318,318.5,319
1684976927661142106,316,315.5,315,314.5,314,317,317.5,318,318.5,319
1684976928637357035,316,315.5,315,314.5,314,317,317.5,318,318.5,319
1684976929015052253,316.5,316,315.5,315,314.5,317,317.5,318,318.5,319
1684976929052649435,316.5,316,315.5,315,314.5,317,317.5,318,318.5,319
1684976930093223713,316.5,316,315.5,315,314.5,317,317.5,318,318.5,319
1684976930673091744,316.5,316,315.5,315,314.5,317,317.5,318,318.5,319
1684976931256669972,316,315.5,315,314.5,314,317,317.5,318,318.5,319
1684976931287290985,316,315.5,315,314.5,314,317,317.5,318,318.5,319
1684976931319041458,316,315.5,315,314.5,314,317,317.5,318,318.5,319
1684976933417668372,316,315.5,315,314.5,314,317,317.5,318,318.5,319
1684976933774708068,316,315.5,315,314.5,314,317,317.5,318,318.5,319
1684976934491415445,316.5,316,315.5,315,314.5,317,317.5,318,318.5,319
1684976934524162089,316.5,316,315.5,315,314.5,317,317.5,318,318.5,319
1684976935091468685,316.5,316,315.5,315,314.5,317,317.5,318,318.5,319
1684976936548608083,316.5,316,315.5,315,314.5,317,317.5,318,318.5,319
1684976938280258463,316.5,316,315.5,315,314.5,317,317.5,318,318.5,319
1684976938302932385,316.5,316,315.5,315,314.5,317,317.5,318,318.5,319
1684976939243912619,316.5,316,315.5,315,314.5,317,317.5,318,318.5,319
1684976939309533817,316.5,316,315.5,315,314.5,317,317.5,318,318.5,319
1684976939939846191,316.5,316,315.5,315,314.5,317,317.5,318,318.5,319
1684976939971590664,316.5,316,315.5,315,314.5,317.5,318,318.5,319,319.5
1684976940082872813,316.5,316,315.5,315,314.5,317.5,318,318.5,319,319.5
1684976940104979811,316.5,316,315.5,315,314.5,317.5,318,318.5,319,319.5
1684976940312880649,316.5,316,315.5,315,314.5,317.5,318,318.5,319,319.5
1684976942052623093,316.5,316,315.5,315,314.5,317.5,318,318.5,319,319.5
1684976942859795563,317,316.5,316,315.5,315,317.5,318,318.5,319,319.5
1684976942892468128,317,316.5,316,315.5,315,317.5,318,318.5,319,319.5
1684976942892524464,316.5,316,315.5,315,314.5,317.5,318,318.5,319,319.5
1684976945405155920,316.5,316,315.5,315,314.5,317.5,318,318.5,319,319.5
1684976945438381172,316.5,316,315.5,315,314.5,317.5,318,318.5,319,319.5
1684976945438381172,316.5,316,315.5,315,314.5,317.5,318,318.5,319,319.5
1684976945991034055,316.5,316,315.5,315,314.5,317.5,318,318.5,319,319.5
1684976947390007843,317,316.5,316,315.5,315,317.5,318,318.5,319,319.5
1684976947413383232,317,316.5,316,315.5,315,317.5,318,318.5,319,319.5
1684976948627016801,316.5,316,315.5,315,314.5,317.5,318,318.5,319,319.5
1684976950913773692,316.5,316,315.5,315,314.5,317,317.5,318,318.5,319
1684976950934123360,316.5,316,315.5,315,314.5,317,317.5,318,318.5,319
1684976950934213700,316.5,316,315.5,315,314.5,317,317.5,318,318.5,319
1684976950956344792,316,315.5,315,314.5,314,317,317.5,318,318.5,319
1684976951007456929,316,315.5,315,314.5,314,317,317.5,318,318.5,319
1684976951042447125,316,315.5,315,314.5,314,317,317.5,318,318.5,319
1684976952677855786,316.5,316,315.5,315,314.5,317,317.5,318,318.5,319
1684976952696329351,316.5,316,315.5,315,314.5,317,317.5,318,318.5,319
1684976952960356831,316.5,316,315.5,315,314.5,317,317.5,318,318.5,319
1684976952970679051,316.5,316,315.5,315,314.5,317,317.5,318,318.5,319
1684976953399758938,316.5,316,315.5,315,314.5,317,317.5,318,318.5,319
1684976955563467136,316.5,316,315.5,315,314.5,317,317.5,318,318.5,319
1684976959045141726,316.5,316,315.5,315,314.5,317,317.5,318,318.5,319
1684976960392483121,316.5,316,315.5,315,314.5,317,317.5,318,318.5,319
1684976962003611875,316,315.5,315,314.5,314,317,317.5,318,318.5,319
1684976962478580831,316,315.5,315,314.5,314,317,317.5,318,318.5,319
1684976962515501342,316,315.5,315,314.5,314,317,317.5,318,318.5,319
1684976963186360225,316.5,316,315.5,315,314.5,317,317.5,318,318.5,319
1684976963219346469,316.5,316,315.5,315,314.5,317,317.5,318,318.5,319
1684976963254215247,316.5,316,315.5,315,314.5,317,317.5,318,318.5,319
1684976964542482156,316.5,316,315.5,315,314.5,317,317.5,318,318.5,319
1684976965578471637,316.5,316,315.5,315,314.5,317,317.5,318,318.5,319
1684976966547200361,316,315.5,315,314.5,314,317,317.5,318,318.5,319
1684976966592171687,316,315.5,315,314.5,314,317,317.5,318,318.5,319
1684976966624998412,316,315.5,315,314.5,314,317,317.5,318,318.5,319
1684976967016914080,316,315.5,315,314.5,314,316.5,317,317.5,318,318.5
1684976967049753067,316,315.5,315,314.5,314,316.5,317,317.5,318,318.5
1684976967074294225,316.5,316,315.5,315,314.5,317,317.5,318,318.5,319
1684976967105003754,316.5,316,315.5,315,314.5,317,317.5,318,318.5,319
1684976969302594791,316.5,316,315.5,315,314.5,317,317.5,318,318.5,319
1684976972063503615,0,0,0,0,0,0,0,0,0,0
1684976972063503615,316,315.5,315,314.5,314,317,317.5,318,318.5,319
1684976972104575410,316,315.5,315,314.5,314,317,317.5,318,318.5,319
1684976972135070687,316,315.5,315,314.5,314,317,317.5,318,318.5,319
1684976974951532916,316.5,316,315.5,315,314.5,317,317.5,318,318.5,319
1684976974985028937,316.5,316,315.5,315,314.5,317,317.5,318,318.5,319
1684976974985028937,316,315.5,315,314.5,314,317,317.5,318,318.5,319
1684976975803128545,316,315.5,315,314.5,314,317,317.5,318,318.5,319
1684976975835750364,316,315.5,315,314.5,314,317,317.5,318,318.5,319
1684976978174211675,316,315.5,315,314.5,314,317,317.5,318,318.5,319
1684976980588295051,316.5,316,315.5,315,314.5,317,317.5,318,318.5,319
1684976980622162088,316.5,316,315.5,315,314.5,317,317.5,318,318.5,319
1684976980817622609,316.5,316,315.5,315,314.5,317,317.5,318,318.5,319
1684976981581019789,316.5,316,315.5,315,314.5,317,317.5,318,318.5,319
1684976981648048430,316.5,316,315.5,315,314.5,317.5,318,318.5,319,319.5
1684976981684709473,316.5,316,315.5,315,314.5,318,318.5,319,319.5,320
1684976981861233319,316.5,316,315.5,315,314.5,318,318.5,319,319.5,320
1684976984066272159,316.5,316,315.5,315,314.5,318,318.5,319,319.5,320
1684976985636868070,316.5,316,315.5,315,314.5,318,318.5,319,319.5,320
1684976989687658966,316.5,316,315.5,315,314.5,318,318.5,319,319.5,320
1684976989862047763,316.5,316,315.5,315,314.5,318,318.5,319,319.5,320
1684976990002127663,316.5,316,315.5,315,314.5,318,318.5,319,319.5,320
1684976991199962660,316.5,316,315.5,315,314.5,318,318.5,319,319.5,320
1684976991232809572,316.5,316,315.5,315,314.5,318,318.5,319,319.5,320
1684976991232809572,316.5,316,315.5,315,314.5,318,318.5,319,319.5,320
1684976992564326296,316.5,316,315.5,315,314.5,318,318.5,319,319.5,320
1684976994853131403,316.5,316,315.5,315,314.5,318,318.5,319,319.5,320
1684976994871510361,317,316.5,316,315.5,315,318,318.5,319,319.5,320
1684976994894273240,317,316.5,316,315.5,315,318,318.5,319,319.5,320
1684976994915250767,317,316.5,316,315.5,315,318,318.5,319,319.5,320
1684976995658718558,317,316.5,316,315.5,315,318,318.5,319,319.5,320
1684976995691764104,316.5,316,315.5,315,314.5,318,318.5,319,319.5,320
1684976995726174281,316.5,316,315.5,315,314.5,318,318.5,319,319.5,320
1684976995748812937,316.5,316,315.5,315,314.5,318,318.5,319,319.5,320
1684976995869838090,316.5,316,315.5,315,314.5,318,318.5,319,319.5,320
1684976998468466963,316.5,316,315.5,315,314.5,318,318.5,319,319.5,320
1684976998991847546,316.5,316,315.5,315,314.5,318,318.5,319,319.5,320
1684977003893999942,316.5,316,315.5,315,314.5,318,318.5,319,319.5,320
1684977003931601772,316.5,316,315.5,315,314.5,318,318.5,319,319.5,320
1684977004241913583,316.5,316,315.5,315,314.5,318,318.5,319,319.5,320
1684977006099336101,317,316.5,316,315.5,315,318,318.5,319,319.5,320
1684977006121304348,317,316.5,316,315.5,315,318,318.5,319,319.5,320
1684977006158087872,317,316.5,316,315.5,315,318,318.5,319,319.5,320
1684977007663138608,317,316.5,316,315.5,315,318,318.5,319,319.5,320
1684977008110517883,317,316.5,316,315.5,315,318,318.5,319,319.5,320
1684977010751757281,317,316.5,316,315.5,315,318,318.5,319,319.5,320
1684977010774008228,317,316.5,316,315.5,315,318,318.5,319,319.5,320
1684977010784317455,317,316.5,316,315.5,315,318,318.5,319,319.5,320
1684977013542935900,317,316.5,316,315.5,315,318,318.5,319,319.5,320
1684977015132204811,317,316.5,316,315.5,315,318,318.5,319,319.5,320
1684977016603769324,317,316.5,316,315.5,315,318,318.5,319,319.5,320
1684977017151752590,317,316.5,316,315.5,315,318,318.5,319,319.5,320
1684977018851394865,317.5,317,316.5,316,315.5,318,318.5,319,319.5,320
1684977018887430986,317.5,317,316.5,316,315.5,318,318.5,319,319.5,320
1684977019253828011,317.5,317,316.5,316,315.5,318,318.5,319,319.5,320
1684977022975904315,317.5,317,316.5,316,315.5,318,318.5,319,319.5,320
1684977023736944019,317.5,317,316.5,316,315.5,318,318.5,319,319.5,320
1684977027317380945,317.5,317,316.5,316,315.5,318,318.5,319,319.5,320
1684977028087080830,317,316.5,316,315.5,315,318,318.5,319,319.5,320
1684977028478319006,317,316.5,316,315.5,315,318,318.5,319,319.5,320
1684977028523479438,317,316.5,316,315.5,315,318,318.5,319,319.5,320
1684977028554082998,317,316.5,316,315.5,315,318,318.5,319,319.5,320
1684977029515589553,317,316.5,316,315.5,315,318,318.5,319,319.5,320
1684977031395607336,317,316.5,316,315.5,315,317.5,318,318.5,319,319.5
1684977031426362210,317,316.5,316,315.5,315,317.5,318,318.5,319,319.5
1684977034980351389,317,316.5,316,315.5,315,317.5,318,318.5,319,319.5
1684977036046569697,317,316.5,316,315.5,315,317.5,318,318.5,319,319.5
1684977036307671874,317,316.5,316,315.5,315,317.5,318,318.5,319,319.5
1684977039944067678,317,316.5,316,315.5,315,317.5,318,318.5,319,319.5
1684977040650745354,317,316.5,316,315.5,315,317.5,318,318.5,319,319.5
1684977041277637557,317,316.5,316,315.5,315,317.5,318,318.5,319,319.5
1684977042136135657,317,316.5,316,315.5,315,318,318.5,319,319.5,320
1684977046400422980,317,316.5,316,315.5,315,318,318.5,319,319.5,320
1684977046476248888,317,316.5,316,315.5,315,318,318.5,319,319.5,320
1684977047651962953,317,316.5,316,315.5,315,318,318.5,319,319.5,320
1684977047769111848,317,316.5,316,315.5,315,318,318.5,319,319.5,320
1684977048335862301,317.5,317,316.5,316,315.5,318,318.5,319,319.5,320
1684977048365594755,317.5,317,316.5,316,315.5,318,318.5,319,319.5,320
1684977048628577594,317.5,317,316.5,316,315.5,318,318.5,319,319.5,320
1684977051376633689,317.5,317,316.5,316,315.5,318,318.5,319,319.5,320
1684977051725899489,317.5,317,316.5,316,315.5,318,318.5,319,319.5,320
1684977054652941443,317.5,317,316.5,316,315.5,318,318.5,319,319.5,320
1684977055544822341,317.5,317,316.5,316,315.5,318,318.5,319,319.5,320
1684977055544822341,317.5,317,316.5,316,315.5,318,318.5,319,319.5,320
1684977057519113338,317.5,317,316.5,316,315.5,318,318.5,319,319.5,320
1684977058809323377,317.5,317,316.5,316,315.5,318,318.5,319,319.5,320
1684977059333595644,317.5,317,316.5,316,315.5,318,318.5,319,319.5,320
1684977060042979792,317.5,317,316.5,316,315.5,318,318.5,319,319.5,320
1684977061035851437,317.5,317,316.5,316,315.5,318,318.5,319,319.5,320
1684977061055935276,317.5,317,316.5,316,315.5,318.5,319,319.5,320,320.5
1684977061091262626,317.5,317,316.5,316,315.5,318.5,319,319.5,320,320.5
1684977061124174259,317.5,317,316.5,316,315.5,318.5,319,319.5,320,320.5
1684977061168932606,317.5,317,316.5,316,315.5,318.5,319,319.5,320,320.5
1684977061624416649,317.5,317,316.5,316,315.5,318.5,319,319.5,320,320.5
1684977064080332341,317.5,317,316.5,316,315.5,318.5,319,319.5,320,320.5
1684977064113798997,317.5,317,316.5,316,315.5,318.5,319,319.5,320,320.5
1684977064773176844,317.5,317,316.5,316,315.5,318.5,319,319.5,320,320.5
1684977065248327943,317.5,317,316.5,316,315.5,318.5,319,319.5,320,320.5
1684977066416080519,317.5,317,316.5,316,315.5,318.5,319,319.5,320,320.5
1684977069156518852,317.5,317,316.5,316,315.5,318.5,319,319.5,320,320.5
1684977070680859708,317.5,317,316.5,316,315.5,318.5,319,319.5,320,320.5
1684977071083076798,317.5,317,316.5,316,315.5,318.5,319,319.5,320,320.5
1684977071212490451,317.5,317,316.5,316,315.5,318.5,319,319.5,320,320.5
1684977072889788725,317.5,317,316.5,316,315.5,318.5,319,319.5,320,320.5
1684977072935605058,317.5,317,316.5,316,315.5,318.5,319,319.5,320,320.5
1684977073362804525,317.5,317,316.5,316,315.5,318.5,319,319.5,320,320.5
1684977073539683287,317.5,317,316.5,316,315.5,318,318.5,319,319.5,320
1684977073574541025,318,317.5,317,316.5,316,318.5,319,319.5,320,320.5
1684977073599084447,318,317.5,317,316.5,316,318.5,319,319.5,320,320.5
1684977073609317240,318,317.5,317,316.5,316,318.5,319,319.5,320,321
1684977073621692325,317.5,317,316.5,316,315.5,318.5,319,319.5,320,321
1684977073632055262,317.5,317,316.5,316,315.5,318.5,319,319.5,320,321
1684977073654384577,317.5,317,316.5,316,315.5,318.5,319,319.5,320,321
1684977073666634737,317.5,317,316.5,316,315.5,318.5,319,319.5,320,320.5
1684977075451802724,317.5,317,316.5,316,315.5,318.5,319,319.5,320,320.5
1684977075564549654,317.5,317,316.5,316,315.5,318.5,319,319.5,320,320.5
1684977076529044069,317.5,317,316.5,316,315.5,318.5,319,319.5,320,320.5
1684977076820813476,317.5,317,316.5,316,315.5,318.5,319,319.5,320,320.5
1684977080742900116,317.5,317,316.5,316,315.5,318.5,319,319.5,320,320.5
1684977081039931383,317.5,317,316.5,316,315.5,318.5,319,319.5,320,320.5
1684977081804303044,317.5,317,316.5,316,315.5,318.5,319,319.5,320,320.5
1684977083578227049,317.5,317,316.5,316,315.5,318.5,319,319.5,320,320.5
1684977083836434702,317.5,317,316.5,316,315.5,318.5,319,319.5,320,320.5
1684977084011323087,317.5,317,316.5,316,315.5,318.5,319,319.5,320,320.5
1684977084637908485,317.5,317,316.5,316,315.5,318.5,319,319.5,320,320.5
1684977084860596036,317.5,317,316.5,316,315.5,318.5,319,319.5,320,320.5
1684977087070099452,317.5,317,316.5,316,315.5,318.5,319,319.5,320,320.5
1684977090096343776,317.5,317,316.5,316,315.5,318.5,319,319.5,320,320.5
1684977096223875904,318,317.5,317,316.5,316,318.5,319,319.5,320,320.5
1684977096247594397,318,317.5,317,316.5,316,318.5,319,319.5,320,321
1684977096257409996,318,317.5,317,316.5,316,318.5,319,319.5,320,321
1684977096279917716,318,317.5,317,316.5,316,318.5,319,319.5,320,321
1684977096392712827,318,317.5,317,316.5,316,318.5,319,319.5,320,321
1684977097020315735,318,317.5,317,316.5,316,318.5,319,319.5,320,321
1684977098999703483,318,317.5,317,316.5,316,318.5,319,319.5,320,321
1684977099587513888,318,317.5,317,316.5,316,318.5,319,319.5,320,321
1684977100313660499,318,317.5,317,316.5,316,318.5,319,319.5,320,321
1684977100654627909,318,317.5,317,316.5,316,318.5,319,319.5,320,321
1684977101048791409,318,317.5,317,316.5,316,318.5,319,319.5,320,321
1684977104078396854,318,317.5,317,316.5,316,318.5,319,319.5,320,321
1684977105239401491,318,317.5,317,316.5,316,318.5,319,319.5,320,321
1684977105408737812,318,317.5,317,316.5,316,318.5,319,319.5,320,321
1684977108549660914,318,317.5,317,316.5,316,318.5,319,319.5,320,321
1684977108605028971,318,317.5,317,316.5,316,318.5,319,319.5,320,321
1684977110070346798,318,317.5,317,316.5,316,318.5,319,319.5,320,321
1684977110414389071,318,317.5,317,316.5,316,318.5,319,319.5,320,321
1684977113677840699,318,317.5,317,316.5,316,318.5,319,319.5,320,321
1684977113759750360,318,317.5,317,316.5,316,318.5,319,319.5,320,321
1684977114948061197,318,317.5,317,316.5,316,318.5,319,319.5,320,321
1684977115068597809,318,317.5,317,316.5,316,318.5,319,319.5,320,321
1684977115181417697,318,317.5,317,316.5,316,318.5,319,319.5,320,321
1684977117807692998,318,317.5,317,316.5,316,318.5,319,319.5,320,321
1684977118074233381,318,317.5,317,316.5,316,318.5,319,319.5,320,321
1684977118583876206,318,317.5,317,316.5,316,319,319.5,320,321,321.5
1684977120611774440,318,317.5,317,316.5,316,319,319.5,320,321,321.5
1684977120689292222,318.5,318,317.5,317,316.5,319,319.5,320,321,321.5
1684977120721990117,318.5,318,317.5,317,316.5,319,319.5,320,321,321.5
1684977120754775547,318.5,318,317.5,317,316.5,319,319.5,320,321,321.5
1684977121485623260,318.5,318,317.5,317,316.5,319,319.5,320,321,321.5
1684977122381019410,318.5,318,317.5,317,316.5,319,319.5,320,321,321.5
1684977123083421903,318.5,318,317.5,317,316.5,319,319.5,320,321,321.5
1684977123106325899,318.5,318,317.5,317,316.5,319,319.5,320,321,321.5
1684977123510433154,318.5,318,317.5,317,316.5,319,319.5,320,321,321.5
1684977123544889101,318.5,318,317.5,317,316.5,319,319.5,320,321,321.5
1684977124635745298,318.5,318,317.5,317,316.5,319,319.5,320,321,321.5
1684977124635745298,318.5,318,317.5,317,316.5,319,319.5,320,321,321.5
1684977124846263369,318.5,318,317.5,317,316.5,319,319.5,320,321,321.5
1684977125036533281,318.5,318,317.5,317,316.5,319,319.5,320,321,321.5
1684977125743852256,318.5,318,317.5,317,316.5,319,319.5,320,321,321.5
1684977125954644231,318.5,318,317.5,317,316.5,319,319.5,320,321,321.5
1684977128764619379,318.5,318,317.5,317,316.5,319,319.5,320,321,321.5
1684977128815817391,318.5,318,317.5,317,316.5,319,319.5,320,321,321.5
1684977132098765511,318.5,318,317.5,317,316.5,319,319.5,320,321,321.5
1684977132680762864,318.5,318,317.5,317,316.5,319,319.5,320,321,321.5
1684977132909812581,318.5,318,317.5,317,316.5,319,319.5,320,321,321.5
1684977135274477217,318.5,318,317.5,317,316.5,319,319.5,320,321,321.5
1684977138427227318,318.5,318,317.5,317,316.5,319,319.5,320,321,321.5
1684977139045057453,318.5,318,317.5,317,316.5,319,319.5,320,321,321.5
1684977139627353206,318.5,318,317.5,317,316.5,319,319.5,320,321,321.5
1684977143033301138,318.5,318,317.5,317,316.5,319,319.5,320,321,321.5
1684977144683658697,318.5,318,317.5,317,316.5,319,319.5,320,321,321.5
1684977147512205856,318.5,318,317.5,317,316.5,319,319.5,320,321,321.5
1684977147641260747,318.5,318,317.5,317,316.5,319,319.5,320,321,321.5
1684977150151889754,318.5,318,317.5,317,316.5,319,319.5,320,321,321.5
1684977152139704663,318.5,318,317.5,317,316.5,319,319.5,320,321,321.5
1684977152352008949,318.5,318,317.5,317,316.5,319,319.5,320,321,321.5
1684977153323633789,318.5,318,317.5,317,316.5,319,319.5,320,321,321.5
1684977154677176171,318.5,318,317.5,317,316.5,319,319.5,320,321,321.5
1684977154962877170,318.5,318,317.5,317,316.5,319.5,320,321,321.5,322
1684977154984379795,318.5,318,317.5,317,316.5,319.5,320,321,321.5,322
1684977155015677171,318.5,318,317.5,317,316.5,319.5,320,321,321.5,322
1684977155015677171,318.5,318,317.5,317,316.5,319.5,320,321,321.5,322
1684977155025666056,318.5,318,317.5,317,316.5,319.5,320,321,321.5,322
1684977155284657885,319,318.5,318,317.5,317,319.5,320,321,321.5,322
1684977155319283841,319,318.5,318,317.5,317,319.5,320,321,321.5,322
1684977155319283841,318.5,318,317.5,317,316.5,319.5,320,321,321.5,322
1684977155329493351,318.5,318,317.5,317,316.5,319.5,320,321,321.5,322
1684977155352076825,318.5,318,317.5,317,316.5,319.5,320,321,321.5,322
1684977155352076825,318.5,318,317.5,317,316.5,319.5,320,321,321.5,322
