Timestamp,BidPrice0,BidPrice1,BidPrice2,BidPrice3,BidPrice4,AskPrice0,AskPrice1,AskPrice2,AskPrice3,AskPrice4
1682980212151068390,0,0,0,0,0,0,0,0,0,0
1682987412172234967,315.5,300,0,0,0,317,320,325.5,330,332
1682987417169669333,315.5,310.5,308,303,302.5,317,320,325.5,326,330
1682987427213021490,315.5,310.5,308,303,302.5,317,320,325,325.5,326
1682987432220894796,315.5,312,310.5,309,308,317,320,325,325.5,326
1682987437250424652,315.5,312,310.5,309,308,317,320,324,325,325.5
1682987442253783874,315.5,312,310.5,309,308,317,320,324,325,325.5
1682987447275557690,315.5,312,310.5,309,308,317,320,324,325,325.5
1682987452295127358,315.5,312,310.5,310,309,317,320,324,325,325.5
1682987467344017481,315.5,312.5,312,310.5,310,317,320,324,325,325.5
1682987472355645291,315.5,312.5,312,311,310.5,317,319.5,320,324,324.5
1682987477379439835,315.5,312.5,312,311,310.5,317,319.5,320,324,324.5
1682987487408479247,315.5,312.5,312,311,310.5,317,319.5,320,324,324.5
1682987492426140267,315.5,313,312.5,312,311,317,319.5,320,324,324.5
1682987497441653395,315.5,313,312.5,312,311,317,319.5,320,324,324.5
1682987502447090707,315.5,313,312.5,312,311,317,319.5,320,324,324.5
1682987507465023309,315.5,313,312.5,312,311,317,319.5,320,324,324.5
1682987512486436546,315.5,313,312.5,312,311,317,319,319.5,320,324
1682987517504064638,315.5,313,312.5,312,311,317,319,319.5,320,324
1682987547603750341,317,315.5,313,312.5,312,319,319.5,320,321.5,324
1682987562630002591,315.5,313,312.5,312,311,317,319,319.5,320,321.5
1682987567660157668,315.5,313,312.5,312,311,317,319,319.5,320,321.5
1682987577683094107,315.5,313,312.5,312,311,317,319,319.5,320,321.5
1682987582690583151,317,315.5,313,312.5,312,319,319.5,320,321.5,324
1682987597751596718,317,315.5,313,312.5,312,319,319.5,320,321,321.5
1682987612788183360,317,315.5,313,312.5,312,319,319.5,320,321,321.5
1682987627847306910,317,315.5,313,312.5,312,319,319.5,320,321,321.5
1682987698850161602,317,315.5,313,312.5,312,319.5,320,321,321.5,322
1682987708893674295,318,317,315.5,313,312.5,319.5,320,321,321.5,322
1682987774089698687,319,318,317,315.5,313,319.5,320,321,321.5,322
1682987809217025828,319,318,317,315.5,313,319.5,320,321,321.5,322
1682987819233957925,319,318,317,315.5,313,319.5,320,321,321.5,322
1682987824247612866,319,318,317,315.5,313,319.5,320,321,321.5,322
1682987839296468660,319,318,317,315.5,313,319.5,320,321,321.5,322
1682987844312150950,319,318,317,315.5,313,319.5,320,321,321.5,322
1682987854351526283,319,318,317,315.5,313,319.5,320,321,321.5,322
1682987879433595497,318,317,315.5,313,312.5,319,319.5,320,321,321.5
1682987899498049670,318,317,315.5,313,312.5,319,319.5,320,321,321.5
1682987984771580458,315.5,313,312.5,312,311,317,319,319.5,320,321
1682987989795476146,318,317,315.5,313,312.5,319,319.5,320,321,321.5
1682987994819035744,318,317,315.5,313,312.5,319,319.5,320,321,321.5
1682987999824498026,318,317,315.5,313,312.5,319,319.5,320,321,321.5
1682988065037743220,318,317,315.5,313,312.5,319,319.5,320,321,321.5
1682988075060583902,318,317,315.5,313,312.5,319.5,320,321,321.5,322
1682988100144864420,319,318,317,315.5,313,319.5,320,321,321.5,322
1682988130240538194,319,318,317,315.5,313,319.5,320,321,321.5,322
1682988140275855386,318,317,315.5,313,312.5,319.5,320,321,321.5,322
1682988170365442600,318,317,315.5,313,312.5,319.5,320,321,321.5,322
1682988180400538375,318,317,315.5,313,312.5,319.5,320,321,321.5,322
1682988195449544668,318,317,315.5,313.5,313,319.5,320,321,321.5,322
1682988225532849645,319,318,317,315.5,313.5,319.5,320,321,321.5,322
1682988265668130929,319,318,317,315.5,313.5,319.5,320,321,321.5,322
1682988270894493597,319,318,317,315.5,315,319.5,320,321,321.5,322
1682988276098596824,319,318,317,316.5,316,319.5,320,321,321.5,322
1682988281319028347,319,318,317,316.5,316,319.5,320,321,321.5,322
1682988296771256765,319,318,317,316.5,316,319.5,320,321,321.5,322
1682988301786758389,319,318,317,316.5,316,319.5,320,321,321.5,322
1682988326862908751,319,318,317,316.5,316,319.5,320,321,321.5,322
1682988366983628345,319,318,317,316.5,316,319.5,320,321,321.5,322
1682988377025055932,319,318,317,316.5,316,319.5,320,321,321.5,322
1682988427185196229,319,318,317,316.5,316,319.5,320,321,321.5,322
1682988437210271688,319,318,317,316.5,316,319.5,320,321,321.5,322
1682988442221810016,319,318,317,316.5,316,319.5,320,321,321.5,322
1682988457278880365,319,318,317,316.5,316,319.5,320,321,321.5,322
1682988467295710029,319,318,317,316.5,316,319.5,320,321,321.5,322
1682988497397586922,319,318,317,316.5,316,319.5,320,321,321.5,322
1682988502419332972,319,318,317,316.5,316,319.5,320,321,321.5,322
1682988532515069570,319,318,317,316.5,316,319.5,320,321,321.5,322
1682988537518435465,319,318,317.5,317,316.5,319.5,320,321,321.5,322
1682988592694029136,319,318,317.5,317,316.5,319.5,320,321,321.5,322
1682988622797961357,319,318,317.5,317,316.5,319.5,320,321,321.5,322
1682988627813690403,319,318.5,318,317.5,317,319.5,320,321,321.5,322
1682988682985274188,319,318.5,318,317.5,317,319.5,320,321,321.5,322
1682988708069457060,319,318.5,318,317.5,317,319.5,320,321,321.5,322
1682988713087129163,319,318.5,318,317.5,317,319.5,320,321,321.5,322
1682988718090304960,319,318.5,318,317.5,317,319.5,320,321,321.5,322
1682988723114253567,319,318.5,318,317.5,317,319.5,320,321,321.5,322
1682988728135983911,319,318.5,318,317.5,317,319.5,320,321,321.5,322
1682988743178532363,319,318.5,318,317.5,317,319.5,320,321,321.5,322
1682988753209768343,319,318.5,318,317.5,317,319.5,320,321,321.5,322
1682988763234855530,319,318.5,318,317.5,317,319.5,320,321,321.5,322
1682988768244340257,319,318.5,318,317.5,317,320,321,321.5,322,323
1682988778298132210,319.5,319,318.5,318,317.5,320,321,321.5,322,323
1682988783311741542,319.5,319,318.5,318,317.5,320,321,321.5,322,323
1682988808396000337,319.5,319,318.5,318,317.5,320,321,321.5,322,323
1682988813415618213,319.5,319,318.5,318,317.5,320,321,321.5,322,323
1682988818420881689,319.5,319,318.5,318,317.5,320,321,321.5,322,323
1682988823440689973,319.5,319,318.5,318,317.5,320,321,321.5,322,323
1682988833455469381,319.5,319,318.5,318,317.5,320,321,321.5,322,323
1682988838491631130,319.5,319,318.5,318,317.5,320,321,321.5,322,323
1682988843507259829,319.5,319,318.5,318,317.5,320,321,321.5,322,323
1682988853523935512,319.5,319,318.5,318,317.5,320,321,321.5,322,323
1682988858533567163,319.5,319,318.5,318,317.5,320,321,321.5,322,323
1682988863559386397,319.5,319,318.5,318,317.5,320,321,321.5,322,323
1682988868579157626,319.5,319,318.5,318,317.5,320,321,321.5,322,323
1682988904489144001,319.5,319,318.5,318,317.5,320,321,321.5,322,323
1682988914532749546,319.5,319,318.5,318,317.5,320,321,321.5,322,323
1682988924555638087,319.5,319,318.5,318,317.5,320,321,321.5,322,323
1682988939616795434,319.5,319,318.5,318,317.5,320,321,321.5,322,322.5
1682988944624226812,319.5,319,318.5,318,317.5,320,321,321.5,322,322.5
1682988954655428727,319.5,319,318.5,318,317.5,320,321,321.5,322,322.5
1682988964686636184,319.5,319,318.5,318,317.5,320,321,321.5,322,322.5
1682988974705679314,319.5,319,318.5,318,317.5,320,321,321.5,322,322.5
1682988979731461059,319.5,319,318.5,318,317.5,320,321,321.5,322,322.5
1682988989768687311,319.5,319,318.5,318,317.5,320,321,321.5,322,322.5
1682989029873055960,319.5,319,318.5,318,317.5,320,321,321.5,322,322.5
1682989049949927666,319.5,319,318.5,318,317.5,320,321,321.5,322,322.5
1682989059985273811,319.5,319,318.5,318,317.5,320,321,321.5,322,322.5
1682989070012266925,319.5,319,318.5,318,317.5,320,321,321.5,322,322.5
1682989090064556103,319.5,319,318.5,318,317.5,320,321,321.5,322,322.5
1682989110133063728,319.5,319,318.5,318,317.5,320,321,321.5,322,322.5
1682989125179984628,319.5,319,318.5,318,317.5,320,321,321.5,322,322.5
1682989130199628272,319.5,319,318.5,318,317.5,320,321,321.5,322,322.5
1682989140226865647,320,319.5,319,318.5,318,321,321.5,322,322.5,323
1682989145236357152,319.5,319,318.5,318,317.5,320,321,321.5,322,322.5
1682989155281818375,319.5,319,318.5,318,317.5,320,321,321.5,322,322.5
1682989160291326292,319.5,319,318.5,318,317.5,320,321,321.5,322,322.5
1682989165304906324,319.5,319,318.5,318,317.5,320,321,321.5,322,322.5
1682989170320377157,319.5,319,318.5,318,317.5,320,321,321.5,322,322.5
1682989175335986621,319.5,319,318.5,318,317.5,320,321,321.5,322,322.5
1682989180353750941,320,319.5,319,318.5,318,321,321.5,322,322.5,323
1682989185371279910,319.5,319,318.5,318,317.5,320,321,321.5,322,322.5
1682989190390988621,319,318.5,318,317.5,317,320,321,321.5,322,322.5
1682989195414790858,320,319,318.5,318,317.5,321,321.5,322,322.5,323
1682989212067442454,319,318.5,318,317.5,317,320,320.5,321,321.5,322
1682989212098880960,319,318.5,318,317.5,317,320,320.5,321,321.5,322
1682989212143125419,319,318.5,318,317.5,317,320,320.5,321,321.5,322
1682989212143125419,319,318.5,318,317.5,317,320,320.5,321,321.5,322
1682989212154249735,319,318.5,318,317.5,317,320,320.5,321,321.5,322
1682989212154249735,319,318.5,318,317.5,317,320,320.5,321,321.5,322
1682989212176030568,319,318.5,318,317.5,317,320,320.5,321,321.5,322
1682989214735897118,319,318.5,318,317.5,317,320,320.5,321,321.5,322
1682989215024973748,319,318.5,318,317.5,317,320.5,321,321.5,322,322.5
1682989216110900060,319,318.5,318,317.5,317,320.5,321,321.5,322,322.5
1682989216520594580,319,318.5,318,317.5,317,320.5,321,321.5,322,322.5
1682989216572889173,319,318.5,318,317.5,317,320.5,321,321.5,322,322.5
1682989216660964344,319,318.5,318,317.5,317,320.5,321,321.5,322,322.5
1682989216738835677,319,318.5,318,317.5,317,320.5,321,321.5,322,322.5
1682989217328906683,320,319,318.5,318,317.5,320.5,321,321.5,322,322.5
1682989217363991555,320,319,318.5,318,317.5,320.5,321,321.5,322,322.5
1682989218257526153,320,319,318.5,318,317.5,320.5,321,321.5,322,322.5
1682989218257526153,320,319,318.5,318,317.5,320.5,321,321.5,322,322.5
1682989218332217125,320,319,318.5,318,317.5,320.5,321,321.5,322,322.5
1682989218973216869,320,319,318.5,318,317.5,320.5,321,321.5,322,322.5
1682989219279887843,320,319,318.5,318,317.5,320.5,321,321.5,322,322.5
1682989219718893164,320,319,318.5,318,317.5,320.5,321,321.5,322,322.5
1682989219751596364,320,319,318.5,318,317.5,321,321.5,322,322.5,323
1682989220832531385,320,319,318.5,318,317.5,321,321.5,322,322.5,323
1682989224361788272,320.5,320,319,318.5,318,321,321.5,322,322.5,323
1682989224394397175,320.5,320,319,318.5,318,321,321.5,322,322.5,323
1682989224607263180,320,319,318.5,318,317.5,321,321.5,322,322.5,323
1682989224756279217,320,319,318.5,318,317.5,321,321.5,322,322.5,323
1682989224798890891,320,319,318.5,318,317.5,321,321.5,322,322.5,323
1682989225346067443,320,319,318.5,318,317.5,321,321.5,322,322.5,323
1682989225346067443,320,319,318.5,318,317.5,321,321.5,322,322.5,323
1682989227567858127,320,319,318.5,318,317.5,321,321.5,322,322.5,323
1682989227600653830,320,319,318.5,318,317.5,320.5,321,321.5,322,322.5
1682989227623045992,320,319,318.5,318,317.5,320.5,321,321.5,322,322.5
1682989227623100524,320,319,318.5,318,317.5,320.5,321,321.5,322,322.5
1682989227633306405,320,319,318.5,318,317.5,321,321.5,322,322.5,323
1682989227675585344,320,319,318.5,318,317.5,321,321.5,322,322.5,323
1682989227685825059,320,319,318.5,318,317.5,321,321.5,322,322.5,323
1682989227709274205,320,319,318.5,318,317.5,321.5,322,322.5,323,323.5
1682989227793145573,320,319,318.5,318,317.5,321,321.5,322,322.5,323
1682989227813599084,320,319,318.5,318,317.5,321.5,322,322.5,323,323.5
1682989227855675122,320,319,318.5,318,317.5,321.5,322,322.5,323,323.5
1682989227942047095,320,319,318.5,318,317.5,321.5,322,322.5,323,323.5
1682989228620480090,320,319,318.5,318,317.5,321.5,322,322.5,323,323.5
1682989229452913722,320,319,318.5,318,317.5,321.5,322,322.5,323,323.5
1682989229486242286,320,319,318.5,318,317.5,320.5,321.5,322,322.5,323
1682989229509354619,320.5,320,319,318.5,318,321.5,322,322.5,323,323.5
1682989229509354619,320.5,320,319,318.5,318,321.5,322,322.5,323,323.5
1682989229509354619,320.5,320,319,318.5,318,321.5,322,322.5,323,323.5
1682989229509389475,320.5,320,319,318.5,318,322,322.5,323,323.5,324
1682989229531834215,320.5,320,319,318.5,318,322,322.5,323,323.5,324
1682989229552369339,320.5,320,319,318.5,318,322,322.5,323,323.5,324
1682989229563059951,320.5,320,319,318.5,318,322,322.5,323,323.5,324
1682989229573095082,320.5,320,319,318.5,318,322,322.5,323,323.5,324
1682989229597876819,320.5,320,319,318.5,318,322,322.5,323,323.5,324
1682989229617838928,320.5,320,319,318.5,318,322,322.5,323,323.5,324
1682989229695973576,320.5,320,319,318.5,318,322,322.5,323,323.5,324
1682989230121968700,320.5,320,319,318.5,318,322,322.5,323,323.5,324
1682989230149342745,320.5,320,319,318.5,318,322,322.5,323,323.5,324
1682989230149365928,320.5,320,319,318.5,318,322,322.5,323,323.5,324
1682989230225215415,320.5,320,319,318.5,318,322,322.5,323,323.5,324
1682989230491734544,320.5,320,319,318.5,318,322,322.5,323,323.5,324
1682989231067872491,320.5,320,319,318.5,318,322,322.5,323,323.5,324
1682989231795973718,320.5,320,319,318.5,318,322,322.5,323,323.5,324
1682989231841048877,320.5,320,319,318.5,318,322,322.5,323,323.5,324
1682989231985100353,320.5,320,319,318.5,318,322,322.5,323,323.5,324
1682989232133990744,321,320.5,320,319,318.5,322,322.5,323,323.5,324
1682989232166282161,321,320.5,320,319,318.5,322,322.5,323,323.5,324
1682989232206644952,321,320.5,320,319,318.5,322,322.5,323,323.5,324
1682989232404115953,321,320.5,320,319,318.5,322,322.5,323,323.5,324
1682989232469358676,321,320.5,320,319,318.5,322,322.5,323,323.5,324
1682989232554726023,321,320.5,320,319,318.5,322,322.5,323,323.5,324
1682989232554726023,321,320.5,320,319,318.5,322,322.5,323,323.5,324
1682989232565008358,321,320.5,320,319,318.5,322,322.5,323,323.5,324
1682989232617474774,321,320.5,320,319,318.5,322,322.5,323,323.5,324
1682989232753361721,321,320.5,320,319,318.5,322,322.5,323,323.5,324
1682989233788948952,321,320.5,320,319,318.5,322,322.5,323,323.5,324
1682989234138962912,321,320.5,320,319,318.5,322,322.5,323,323.5,324
1682989234262977660,321,320.5,320,319,318.5,321.5,322,322.5,323,323.5
1682989234293469277,321,320.5,320,319,318.5,322,322.5,323,323.5,324
1682989234718624044,321.5,321,320.5,320,319,322,322.5,323,323.5,324
1682989234749901668,321.5,321,320.5,320,319,322,322.5,323,323.5,324
1682989234822972238,321.5,321,320.5,320,319,322,322.5,323,323.5,324
1682989234885031584,321,320.5,320,319,318.5,322,322.5,323,323.5,324
1682989235064566510,321,320.5,320,319,318.5,322,322.5,323,323.5,324
1682989235100424393,321,320.5,320,319,318.5,322,322.5,323,323.5,324
1682989235263941295,321,320.5,320,319,318.5,322,322.5,323,323.5,324
1682989235369078129,321,320.5,320,319,318.5,322,322.5,323,323.5,324
1682989235761341242,321,320.5,320,319,318.5,322,322.5,323,323.5,324
1682989235874483306,321,320.5,320,319,318.5,322,322.5,323,323.5,324
1682989236407473663,321,320.5,320,319,318.5,322,322.5,323,323.5,324
1682989236995942181,321,320.5,320,319,318.5,322,322.5,323,323.5,324
1682989237029956312,321,320.5,320,319,318.5,322,322.5,323,323.5,324
1682989237392122248,321,320.5,320,319,318.5,322,322.5,323,323.5,324
1682989237536661820,321,320.5,320,319,318.5,322,322.5,323,323.5,324
1682989237577507077,321,320.5,320,319,318.5,322,322.5,323,323.5,324
1682989238138838936,321,320.5,320,319,318.5,322,322.5,323,323.5,324
1682989238819901799,321.5,321,320.5,320,319,322,322.5,323,323.5,324
1682989238840085684,321.5,321,320.5,320,319,322,322.5,323,323.5,324
1682989238912865588,321.5,321,320.5,320,319,322,322.5,323,323.5,324
1682989238977663135,321.5,321,320.5,320,319,322,322.5,323,323.5,324
1682989239051046232,321.5,321,320.5,320,319,322,322.5,323,323.5,324
1682989239051046232,321.5,321,320.5,320,319,322,322.5,323,323.5,324
1682989239291636048,321.5,321,320.5,320,319,322,322.5,323,323.5,324
1682989239418679512,321.5,321,320.5,320,319,322,322.5,323,323.5,324
1682989239429050804,321.5,321,320.5,320,319,322,322.5,323,323.5,324
1682989239513952897,321.5,321,320.5,320,319,322,322.5,323,323.5,324
1682989239691028436,321.5,321,320.5,320,319,322,322.5,323,323.5,324
1682989239703527623,321.5,321,320.5,320,319,322,322.5,323,323.5,324
1682989239726256847,321.5,321,320.5,320,319,322,322.5,323,323.5,324
1682989239726283517,321.5,321,320.5,320,319,322,322.5,323,323.5,324
1682989239946255664,321.5,321,320.5,320,319,322,322.5,323,323.5,324
1682989240202121412,321.5,321,320.5,320,319,322,322.5,323,323.5,324
1682989240233129980,321.5,321,320.5,320,319,322,322.5,323,323.5,324
1682989240323293161,321.5,321,320.5,320,319,322,322.5,323,323.5,324
1682989240376613860,321.5,321,320.5,320,319,322,322.5,323,323.5,324
1682989240430399964,321.5,321,320.5,320,319,322,322.5,323,323.5,324
1682989240452569407,321.5,321,320.5,320,319,322,322.5,323,323.5,324
1682989241673857962,321.5,321,320.5,320,319,322,322.5,323,323.5,324
1682989242056975253,321.5,321,320.5,320,319,322,322.5,323,323.5,324
1682989242200412336,321.5,321,320.5,320,319,322,322.5,323,323.5,324
1682989242212248138,321.5,321,320.5,320,319,322,322.5,323,323.5,324
1682989242235323411,321.5,321,320.5,320,319,322,322.5,323,323.5,324
1682989242641280585,321.5,321,320.5,320,319,322,322.5,323,323.5,324
1682989243877251095,321.5,321,320.5,320,319,322,322.5,323,323.5,324
1682989243973731647,321.5,321,320.5,320,319,322,322.5,323,323.5,324
1682989246202472961,321.5,321,320.5,320,319,322,322.5,323,323.5,324
1682989246307195257,321.5,321,320.5,320,319,322,322.5,323,323.5,324
1682989246518235625,321.5,321,320.5,320,319,322,322.5,323,323.5,324
1682989246563322786,321.5,321,320.5,320,319,322,322.5,323,323.5,324
1682989247110330120,321.5,321,320.5,320,319,322,322.5,323,323.5,324
1682989247688707722,321.5,321,320.5,320,319,322,322.5,323,323.5,324
1682989247846339485,321.5,321,320.5,320,319,322,322.5,323,323.5,324
1682989248066575578,321.5,321,320.5,320,319,322,322.5,323,323.5,324
1682989248673851016,321.5,321,320.5,320,319,322,322.5,323,323.5,324
1682989249680527357,321.5,321,320.5,320,319,322,322.5,323,323.5,324
1682989249753664342,321.5,321,320.5,320,319,322,322.5,323,323.5,324
1682989249838985762,321.5,321,320.5,320,319,322,322.5,323,323.5,324
1682989250134924486,321.5,321,320.5,320,319,322,322.5,323,323.5,324
1682989250291659335,321.5,321,320.5,320,319,322,322.5,323,323.5,324
1682989250344916155,321.5,321,320.5,320,319,322,322.5,323,323.5,324
1682989250662615865,321.5,321,320.5,320,319,322,322.5,323,323.5,324
1682989250727758781,321.5,321,320.5,320,319,322,322.5,323,323.5,324
1682989250893072437,321.5,321,320.5,320,319,322,322.5,323,323.5,324
1682989251170489226,321.5,321,320.5,320,319,322,322.5,323,323.5,324
1682989251180570042,321.5,321,320.5,320,319,322,322.5,323,323.5,324
1682989251236112573,321.5,321,320.5,320,319,322,322.5,323,323.5,324
1682989251245899829,321.5,321,320.5,320,319,322,322.5,323,323.5,324
1682989251630015375,321.5,321,320.5,320,319,322,322.5,323,323.5,324
1682989252305213757,321.5,321,320.5,320,319,322,322.5,323,323.5,324
1682989252348612599,321.5,321,320.5,320,319,322,322.5,323,323.5,324
1682989252575085791,321.5,321,320.5,320,319,322,322.5,323,323.5,324
1682989252697116624,321.5,321,320.5,320,319,322,322.5,323,323.5,324
1682989252765036082,321.5,321,320.5,320,319,322,322.5,323,323.5,324
1682989254098874840,321.5,321,320.5,320,319,322,322.5,323,323.5,324
1682989254602893384,321.5,321,320.5,320,319,322,322.5,323,323.5,324
1682989254972558599,321.5,321,320.5,320,319,322,322.5,323,323.5,324
1682989255049754243,321.5,321,320.5,320,319,322,322.5,323,323.5,324
1682989255062429541,321.5,321,320.5,320,319,322,322.5,323,323.5,324
1682989255062429541,321.5,321,320.5,320,319,322,322.5,323,323.5,324
1682989256077859989,321.5,321,320.5,320,319,322,322.5,323,323.5,324
1682989256475580979,321.5,321,320.5,320,319,322,322.5,323,323.5,324
1682989256615171640,321.5,321,320.5,320,319,322,322.5,323,323.5,324
1682989256861879563,321.5,321,320.5,320,319,322,322.5,323,323.5,324
1682989257442403455,321.5,321,320.5,320,319,322,322.5,323,323.5,324
1682989257892905361,321.5,321,320.5,320,319,322,322.5,323,323.5,324
1682989257903466319,0,0,0,0,0,0,0,0,0,0
1682989257903466319,322.5,321.5,321,320.5,320,323,323.5,324,324.5,325
1682989257940443183,322.5,321.5,321,320.5,320,323,323.5,324,324.5,325
1682989257940443183,322.5,321.5,321,320.5,320,323,323.5,324,324.5,325
1682989257940443183,321.5,321,320.5,320,319,323,323.5,324,324.5,325
1682989257969956805,321.5,321,320.5,320,319,323,323.5,324,324.5,325
1682989257969981922,321.5,321,320.5,320,319,323,323.5,324,324.5,325
1682989257980844226,321.5,321,320.5,320,319,322.5,323,323.5,324,324.5
1682989258004533442,321.5,321,320.5,320,319,322.5,323,323.5,324,324.5
1682989258013135112,321.5,321,320.5,320,319,322.5,323,323.5,324,324.5
1682989258013180527,321.5,321,320.5,320,319,322.5,323,323.5,324,324.5
1682989258013180527,321.5,321,320.5,320,319,322.5,323,323.5,324,324.5
1682989258035324933,321.5,321,320.5,320,319.5,322.5,323,323.5,324,324.5
1682989258080615757,321.5,321,320.5,320,319.5,322.5,323,323.5,324,324.5
1682989258080615757,321.5,321,320.5,320,319.5,322.5,323,323.5,324,324.5
1682989258111005774,321.5,321,320.5,320,319.5,322.5,323,323.5,324,324.5
1682989258398710088,321.5,321,320.5,320,319.5,322.5,323,323.5,324,324.5
1682989258603525278,321.5,321,320.5,320,319.5,322.5,323,323.5,324,324.5
1682989258773468756,322,321.5,321,320.5,320,322.5,323,323.5,324,324.5
1682989258815397908,322,321.5,321,320.5,320,322.5,323,323.5,324,324.5
1682989258847979961,322,321.5,321,320.5,320,322.5,323,323.5,324,324.5
1682989259056035173,322,321.5,321,320.5,320,322.5,323,323.5,324,324.5
1682989259284601095,322,321.5,321,320.5,320,322.5,323,323.5,324,324.5
1682989259294760409,322,321.5,321,320.5,320,322.5,323,323.5,324,324.5
1682989259294868713,322,321.5,321,320.5,320,322.5,323,323.5,324,324.5
1682989259366508617,322,321.5,321,320.5,320,322.5,323,323.5,324,324.5
1682989259397299967,322,321.5,321,320.5,320,322.5,323,323.5,324,324.5
1682989259662362531,322,321.5,321,320.5,320,322.5,323,323.5,324,324.5
1682989260730381614,322,321.5,321,320.5,320,322.5,323,323.5,324,324.5
1682989260838486300,322,321.5,321,320.5,320,322.5,323,323.5,324,324.5
1682989261262403363,322,321.5,321,320.5,320,322.5,323,323.5,324,324.5
1682989261375841833,322,321.5,321,320.5,320,322.5,323,323.5,324,324.5
1682989261539090582,322,321.5,321,320.5,320,322.5,323,323.5,324,324.5
1682989262576086158,322,321.5,321,320.5,320,322.5,323,323.5,324,324.5
1682989262822692070,321.5,321,320.5,320,319.5,322,322.5,323,323.5,324
1682989262855460533,321.5,321,320.5,320,319,322,322.5,323,323.5,324
1682989262888452525,321.5,321,320.5,320,319,322,322.5,323,323.5,324
1682989262888507549,321.5,321,320.5,320,319,322,322.5,323,323.5,324
1682989262931005258,321.5,321,320.5,320,319,322,322.5,323,323.5,324
1682989263054900501,321.5,321,320.5,320,319,322,322.5,323,323.5,324
1682989263377677183,321.5,321,320.5,320,319,322,322.5,323,323.5,324
1682989263577223892,321.5,321,320.5,320,319,322,322.5,323,323.5,324
1682989264063930462,321.5,321,320.5,320,319,322,322.5,323,323.5,324
1682989264075813713,321.5,321,320.5,320,319,322,322.5,323,323.5,324
1682989264119874707,321.5,321,320.5,320,319,322.5,323,323.5,324,324.5
1682989264154767298,321.5,321,320.5,320,319,322.5,323,323.5,324,324.5
1682989264164972157,321.5,321,320.5,320,319,322,322.5,323,323.5,324
1682989264188400163,321.5,321,320.5,320,319.5,322,322.5,323,323.5,324
1682989264199063864,321.5,321,320.5,320,319,322,322.5,323,323.5,324
1682989264222399938,321.5,321,320.5,320,319,322,322.5,323,323.5,324
1682989264791596693,321.5,321,320.5,320,319,322,322.5,323,323.5,324
1682989265047559592,321.5,321,320.5,320,319,322,322.5,323,323.5,324
1682989265625164464,321.5,321,320.5,320,319,322.5,323,323.5,324,324.5
1682989265657891389,321.5,321,320.5,320,319,322.5,323,323.5,324,324.5
1682989265692732142,321.5,321,320.5,320,319.5,322.5,323,323.5,324,324.5
1682989265997999941,321.5,321,320.5,320,319.5,322.5,323,323.5,324,324.5
1682989266662992603,321.5,321,320.5,320,319.5,322,322.5,323,323.5,324
1682989266694573466,321.5,321,320.5,320,319,322,322.5,323,323.5,324
1682989266727660657,321.5,321,320.5,320,319,322,322.5,323,323.5,324
1682989266771252651,321.5,321,320.5,320,319,322,322.5,323,323.5,324
1682989267514908723,321.5,321,320.5,320,319,322,322.5,323,323.5,324
1682989267521295354,321.5,321,320.5,320,319,322,322.5,323,323.5,324
1682989267638389388,321.5,321,320.5,320,319,322,322.5,323,323.5,324
1682989267882977261,321.5,321,320.5,320,319,322,322.5,323,323.5,324
1682989268543906363,321.5,321,320.5,320,319,322,322.5,323,323.5,324
1682989268822300507,321.5,321,320.5,320,319,322,322.5,323,323.5,324
1682989269624424874,321.5,321,320.5,320,319,322,322.5,323,323.5,324
1682989269700997509,321.5,321,320.5,320,319,322,322.5,323,323.5,324
1682989269919905337,321.5,321,320.5,320,319,322,322.5,323,323.5,324
1682989269930427933,321.5,321,320.5,320,319,322,322.5,323,323.5,324
1682989270121621709,321.5,321,320.5,320,319,322,322.5,323,323.5,324
1682989270479065068,321.5,321,320.5,320,319,322.5,323,323.5,324,324.5
1682989270502126005,321.5,321,320.5,320,319,322.5,323,323.5,324,324.5
1682989270536522144,321.5,321,320.5,320,319.5,322.5,323,323.5,324,324.5
1682989270872435610,322,321.5,321,320.5,320,322.5,323,323.5,324,324.5
1682989270907115422,322,321.5,321,320.5,320,322.5,323,323.5,324,324.5
1682989271073556173,322,321.5,321,320.5,320,322.5,323,323.5,324,324.5
1682989271436705726,322,321.5,321,320.5,320,322.5,323,323.5,324,324.5
1682989271491787912,322,321.5,321,320.5,320,322.5,323,323.5,324,324.5
1682989271512287901,322,321.5,321,320.5,320,322.5,323,323.5,324,324.5
1682989272142999560,322,321.5,321,320.5,320,322.5,323,323.5,324,324.5
1682989272142999560,322,321.5,321,320.5,320,322.5,323,323.5,324,324.5
1682989272143172084,322,321.5,321,320.5,320,322.5,323,323.5,324,324.5
1682989272143263967,322,321.5,321,320.5,320,322.5,323,323.5,324,324.5
1682989272178043906,322,321.5,321,320.5,320,322.5,323,323.5,324,324.5
1682989272234329222,322,321.5,321,320.5,320,322.5,323,323.5,324,324.5
1682989272244591759,321.5,321,320.5,320,319.5,322,322.5,323,323.5,324
1682989272277377625,321.5,321,320.5,320,319,322,322.5,323,323.5,324
1682989272277377625,321.5,321,320.5,320,319,322,322.5,323,323.5,324
1682989272289851324,321.5,321,320.5,320,319.5,322,322.5,323,323.5,324
1682989272786065615,321.5,321,320.5,320,319.5,322,322.5,323,323.5,324
1682989272850878551,321.5,321,320.5,320,319.5,322,322.5,323,323.5,324
1682989272894848164,321.5,321,320.5,320,319.5,322,322.5,323,323.5,324
1682989273006553601,321.5,321,320.5,320,319.5,322,322.5,323,323.5,324
1682989273040012179,321.5,321,320.5,320,319.5,322,322.5,323,323.5,324
1682989274192413620,321.5,321,320.5,320,319.5,322,322.5,323,323.5,324
1682989274223719536,321.5,321,320.5,320,319.5,322,322.5,323,323.5,324
1682989274605078927,321.5,321,320.5,320,319.5,322,322.5,323,323.5,324
1682989274859919500,321.5,321,320.5,320,319.5,322,322.5,323,323.5,324
1682989274859946481,321.5,321,320.5,320,319.5,322,322.5,323,323.5,324
1682989275121990237,321.5,321,320.5,320,319.5,322,322.5,323,323.5,324
1682989275156829918,321.5,321,320.5,320,319.5,322,322.5,323,323.5,324
1682989275233635721,321.5,321,320.5,320,319.5,322,322.5,323,323.5,324
1682989275664163626,321.5,321,320.5,320,319.5,322,322.5,323,323.5,324
1682989275829103620,321.5,321,320.5,320,319.5,322,322.5,323,323.5,324
1682989276173278858,321.5,321,320.5,320,319.5,322,322.5,323,323.5,324
1682989276644105544,321,320.5,320,319.5,319,322,322.5,323,323.5,324
1682989276678578086,321,320.5,320,319.5,319,322,322.5,323,323.5,324
1682989276678578086,321,320.5,320,319.5,319,322,322.5,323,323.5,324
1682989276678612240,321,320.5,320,319.5,319,322,322.5,323,323.5,324
1682989276678612240,321,320.5,320,319.5,319,322,322.5,323,323.5,324
1682989276711737834,321,320.5,320,319.5,319,322,322.5,323,323.5,324
1682989276789545437,321.5,321,320.5,320,319.5,322,322.5,323,323.5,324
1682989276825147089,321.5,321,320.5,320,319.5,322,322.5,323,323.5,324
1682989276857800005,321.5,321,320.5,320,319.5,322,322.5,323,323.5,324
1682989277014543791,321,320.5,320,319.5,319,322,322.5,323,323.5,324
1682989277014543791,321,320.5,320,319.5,319,322,322.5,323,323.5,324
1682989277047202267,321,320.5,320,319.5,319,322,322.5,323,323.5,324
1682989277047202267,321,320.5,320,319.5,319,322,322.5,323,323.5,324
1682989277057651005,321,320.5,320,319.5,319,322,322.5,323,323.5,324
1682989277082481113,321,320.5,320,319.5,319,322,322.5,323,323.5,324
1682989277114942930,321,320.5,320,319.5,319,322,322.5,323,323.5,324
1682989277171070540,321,320.5,320,319.5,319,322,322.5,323,323.5,324
1682989277204497659,321,320.5,320,319.5,319,322,322.5,323,323.5,324
1682989277216115101,321,320.5,320,319.5,319,322,322.5,323,323.5,324
1682989277251223116,321,320.5,320,319.5,319,322,322.5,323,323.5,324
1682989277480671825,321,320.5,320,319.5,319,322,322.5,323,323.5,324
1682989277746883567,321,320.5,320,319.5,319,322,322.5,323,323.5,324
1682989278087392892,321.5,321,320.5,320,319.5,322,322.5,323,323.5,324
1682989278122612527,321.5,321,320.5,320,319.5,322,322.5,323,323.5,324
1682989278122792936,321,320.5,320,319.5,319,322,322.5,323,323.5,324
1682989278245089327,321.5,321,320.5,320,319.5,322,322.5,323,323.5,324
1682989278280149773,321.5,321,320.5,320,319.5,322,322.5,323,323.5,324
1682989278313009377,321.5,321,320.5,320,319.5,322,322.5,323,323.5,324
1682989278550471711,321,320.5,320,319.5,319,322,322.5,323,323.5,324
1682989278932202781,321,320.5,320,319.5,319,321.5,322,322.5,323,323.5
1682989278965994655,321,320.5,320,319.5,319,321.5,322,322.5,323,323.5
1682989279138216671,321,320.5,320,319.5,319,321.5,322,322.5,323,323.5
1682989280734959982,321,320.5,320,319.5,319,321.5,322,322.5,323,323.5
1682989280926121648,321,320.5,320,319.5,319,321.5,322,322.5,323,323.5
1682989281472909781,321,320.5,320,319.5,319,321.5,322,322.5,323,323.5
1682989281503589382,321,320.5,320,319.5,319,321.5,322,322.5,323,323.5
1682989281503589382,321,320.5,320,319.5,319,321.5,322,322.5,323,323.5
1682989281503620861,321,320.5,320,319.5,319,321.5,322,322.5,323,323.5
1682989281723720337,321,320.5,320,319.5,319,321.5,322,322.5,323,323.5
1682989282543135717,321,320.5,320,319.5,319,321.5,322,322.5,323,323.5
1682989282618718794,321,320.5,320,319.5,319,321.5,322,322.5,323,323.5
1682989283167193294,321,320.5,320,319.5,319,321.5,322,322.5,323,323.5
1682989283199229682,321,320.5,320,319.5,319,321.5,322,322.5,323,323.5
1682989283232013313,321,320.5,320,319.5,319,321.5,322,322.5,323,323.5
1682989283454000604,321,320.5,320,319.5,319,321.5,322,322.5,323,323.5
1682989283484936376,321,320.5,320,319.5,319,321.5,322,322.5,323,323.5
1682989283597739373,321,320.5,320,319.5,319,321.5,322,322.5,323,323.5
1682989283700910366,321,320.5,320,319.5,319,321.5,322,322.5,323,323.5
1682989283731843142,321,320.5,320,319.5,319,321.5,322,322.5,323,323.5
1682989283764585787,321,320.5,320,319.5,319,321.5,322,322.5,323,323.5
1682989283820879378,321,320.5,320,319.5,319,321.5,322,322.5,323,323.5
1682989283851862629,321,320.5,320,319.5,319,321.5,322,322.5,323,323.5
1682989283995818966,321,320.5,320,319.5,319,321.5,322,322.5,323,323.5
1682989284018576113,0,0,0,0,0,0,0,0,0,0
1682989284018576113,320.5,320,319.5,319,318.5,321.5,322,322.5,323,323.5
1682989284053951250,320.5,320,319.5,319,318.5,321.5,322,322.5,323,323.5
1682989284088304247,320.5,320,319.5,319,318.5,321.5,322,322.5,323,323.5
1682989285334276547,320.5,320,319.5,319,318.5,321.5,322,322.5,323,323.5
1682989285614825908,320.5,320,319.5,319,318.5,321.5,322,322.5,323,323.5
1682989285960073529,320.5,320,319.5,319,318.5,321.5,322,322.5,323,323.5
1682989287115068239,320.5,320,319.5,319,318.5,321.5,322,322.5,323,323.5
1682989287912910295,320.5,320,319.5,319,318.5,321.5,322,322.5,323,323.5
1682989287943543870,320.5,320,319.5,319,318.5,321.5,322,322.5,323,323.5
1682989288383867686,320.5,320,319.5,319,318.5,321.5,322,322.5,323,323.5
1682989288473928856,320.5,320,319.5,319,318.5,321.5,322,322.5,323,323.5
1682989288631810238,320.5,320,319.5,319,318.5,321.5,322,322.5,323,323.5
1682989289083027397,320.5,320,319.5,319,318.5,321.5,322,322.5,323,323.5
1682989289532745171,320.5,320,319.5,319,318.5,321.5,322,322.5,323,323.5
1682989289563389015,320,319.5,319,318.5,318,321.5,322,322.5,323,323.5
1682989289595427577,320,319.5,319,318.5,318,321.5,322,322.5,323,323.5
1682989289628099488,320,319.5,319,318.5,318,321.5,322,322.5,323,323.5
1682989290725285162,320,319.5,319,318.5,318,321.5,322,322.5,323,323.5
1682989291319053791,320,319.5,319,318.5,318,320.5,321.5,322,322.5,323
1682989291352419214,320,319.5,319,318.5,318,320.5,321.5,322,322.5,323
1682989291352419214,320,319.5,319,318.5,318,320.5,321.5,322,322.5,323
1682989291708120182,320,319.5,319,318.5,318,320.5,321.5,322,322.5,323
1682989292772681413,320,319.5,319,318.5,318,320.5,321,321.5,322,322.5
1682989292849594657,320,319.5,319,318.5,318,320.5,321,321.5,322,322.5
1682989292862004617,320,319.5,319,318.5,318,320.5,321,321.5,322,322.5
1682989292894532678,320,319.5,319,318.5,318,320.5,321,321.5,322,322.5
1682989292894638858,320,319.5,319,318.5,318,320.5,321,321.5,322,322.5
1682989292939981448,319.5,319,318.5,318,317.5,320.5,321,321.5,322,322.5
1682989293444484321,319.5,319,318.5,318,317.5,320.5,321,321.5,322,322.5
1682989293467148002,319.5,319,318.5,318,317.5,320.5,321,321.5,322,322.5
1682989293479395888,319,318.5,318,317.5,317,320.5,321,321.5,322,322.5
1682989293479395888,319,318.5,318,317.5,317,320.5,321,321.5,322,322.5
1682989293479395888,319,318.5,318,317.5,317,320.5,321,321.5,322,322.5
1682989293479515051,319,318.5,318,317.5,317,320.5,321,321.5,322,322.5
1682989293512201330,319,318.5,318,317.5,317,320.5,321,321.5,322,322.5
1682989293524778263,319,318.5,318,317.5,317,320.5,321,321.5,322,322.5
1682989293536717709,319,318.5,318,317.5,317,320.5,321,321.5,322,322.5
1682989293754865732,319,318.5,318,317.5,317,320.5,321,321.5,322,322.5
1682989293785489878,319.5,319,318.5,318,317.5,320.5,321,321.5,322,322.5
1682989293810781002,319.5,319,318.5,318,317.5,320.5,321,321.5,322,322.5
1682989293843760051,319.5,319,318.5,318,317.5,320.5,321,321.5,322,322.5
1682989293843842115,319,318.5,318,317.5,317,320.5,321,321.5,322,322.5
1682989293866270253,319,318.5,318,317.5,317,320.5,321,321.5,322,322.5
1682989293888901564,319,318.5,318,317.5,317,320.5,321,321.5,322,322.5
1682989294055764118,319,318.5,318,317.5,317,320.5,321,321.5,322,322.5
1682989294398390959,319,318.5,318,317.5,317,320,320.5,321,321.5,322
1682989294430716760,319,318.5,318,317.5,317,320,320.5,321,321.5,322
1682989294453769231,319,318.5,318,317.5,317,320,320.5,321,321.5,322
1682989294857676917,319,318.5,318,317.5,317,320,320.5,321,321.5,322
1682989295201858627,319,318.5,318,317.5,317,320,320.5,321,321.5,322
1682989295366561577,319,318.5,318,317.5,317,320,320.5,321,321.5,322
1682989295622493067,319,318.5,318,317.5,317,320,320.5,321,321.5,322
1682989295811616035,319,318.5,318,317.5,317,320,320.5,321,321.5,322
1682989296422625644,319,318.5,318,317.5,317,320,320.5,321,321.5,322
1682989296636279900,319,318.5,318,317.5,317,320,320.5,321,321.5,322
1682989296658885291,319,318.5,318,317.5,317,320,320.5,321,321.5,322
1682989296671156420,319,318.5,318,317.5,317,320,320.5,321,321.5,322
1682989297073309261,319,318.5,318,317.5,317,320,320.5,321,321.5,322
1682989297277955264,319,318.5,318,317.5,317,320,320.5,321,321.5,322
1682989297365765878,319,318.5,318,317.5,317,320,320.5,321,321.5,322
1682989297921414607,319,318.5,318,317.5,317,320,320.5,321,321.5,322
1682989297954294429,319,318.5,318,317.5,317,320,320.5,321,321.5,322
1682989297954294429,319,318.5,318,317.5,317,320,320.5,321,321.5,322
1682989297954294429,319,318.5,318,317.5,317,320,320.5,321,321.5,322
1682989297954294429,319,318.5,318,317.5,317,320,320.5,321,321.5,322
1682989298130027758,319,318.5,318,317.5,317,320,320.5,321,321.5,322
1682989300668862634,319.5,319,318.5,318,317.5,320,320.5,321,321.5,322
1682989300699561982,319.5,319,318.5,318,317.5,320,320.5,321,321.5,322
1682989300767523860,319,318.5,318,317.5,317,320,320.5,321,321.5,322
1682989301063078483,319,318.5,318,317.5,317,320,320.5,321,321.5,322
1682989301095831016,319,318.5,318,317.5,317,320,320.5,321,321.5,322
1682989301095831016,319,318.5,318,317.5,317,320,320.5,321,321.5,322
1682989301126622327,319,318.5,318,317.5,317,320,320.5,321,321.5,322
1682989301348124437,319,318.5,318,317.5,317,320,320.5,321,321.5,322
1682989301379579002,319,318.5,318,317.5,317,320.5,321,321.5,322,322.5
1682989301410242423,319,318.5,318,317.5,317,320.5,321,321.5,322,322.5
1682989301441012123,319,318.5,318,317.5,317,320.5,321,321.5,322,322.5
1682989302114824715,319,318.5,318,317.5,317,320.5,321,321.5,322,322.5
1682989302125228297,319,318.5,318,317.5,317,320.5,321,321.5,322,322.5
1682989302135531431,319,318.5,318,317.5,317,320.5,321,321.5,322,322.5
1682989302145706375,319,318.5,318,317.5,317,320.5,321,321.5,322,322.5
1682989302158075909,319,318.5,318,317.5,317,320.5,321,321.5,322,322.5
1682989302168091773,319,318.5,318,317.5,317,320.5,321,321.5,322,322.5
1682989302180341793,319,318.5,318,317.5,317,320.5,321,321.5,322,322.5
1682989302180341793,319,318.5,318,317.5,317,320.5,321,321.5,322,322.5
1682989302190717874,319,318.5,318,317.5,317,320.5,321,321.5,322,322.5
1682989302190717874,319,318.5,318,317.5,317,320.5,321,321.5,322,322.5
1682989302202876492,319,318.5,318,317.5,317,320.5,321,321.5,322,322.5
1682989302214304878,319,318.5,318,317.5,317,320.5,321,321.5,322,322.5
1682989302214492631,319,318.5,318,317.5,317,320.5,321,321.5,322,322.5
1682989302224555474,319,318.5,318,317.5,317,320.5,321,321.5,322,322.5
1682989302234614059,319,318.5,318,317.5,317,320.5,321,321.5,322,322.5
1682989302245160650,319,318.5,318,317.5,317,320.5,321,321.5,322,322.5
1682989302255104890,319,318.5,318,317.5,317,320.5,321,321.5,322,322.5
1682989302538130510,319.5,319,318.5,318,317.5,320.5,321,321.5,322,322.5
1682989302568521129,319.5,319,318.5,318,317.5,320.5,321,321.5,322,322.5
1682989302578647621,319.5,319,318.5,318,317.5,320.5,321,321.5,322,322.5
1682989302578647621,319.5,319,318.5,318,317.5,320.5,321,321.5,322,322.5
1682989302601348322,319.5,319,318.5,318,317.5,320.5,321,321.5,322,322.5
1682989302689672790,319.5,319,318.5,318,317.5,320,320.5,321,321.5,322
1682989302721989685,319.5,319,318.5,318,317.5,320,320.5,321,321.5,322
1682989302721989685,319.5,319,318.5,318,317.5,320.5,321,321.5,322,322.5
1682989302721989685,320,319.5,319,318.5,318,320.5,321,321.5,322,322.5
1682989302752825870,320,319.5,319,318.5,318,320.5,321,321.5,322,322.5
1682989303559804531,319.5,319,318.5,318,317.5,320.5,321,321.5,322,322.5
1682989303705069395,319.5,319,318.5,318,317.5,320.5,321,321.5,322,322.5
1682989303727578296,319.5,319,318.5,318,317.5,320.5,321,321.5,322,322.5
1682989303806492226,319.5,319,318.5,318,317.5,320,320.5,321,321.5,322
1682989303827012714,319.5,319,318.5,318,317.5,320,320.5,321,321.5,322
1682989303827012714,319.5,319,318.5,318,317.5,320.5,321,321.5,322,322.5
1682989303894551197,319.5,319,318.5,318,317.5,320.5,321,321.5,322,322.5
1682989303927590498,319.5,319,318.5,318,317.5,320.5,321,321.5,322,322.5
1682989304104361986,319.5,319,318.5,318,317.5,320.5,321,321.5,322,322.5
1682989304247844254,319.5,319,318.5,318,317.5,320.5,321,321.5,322,322.5
1682989304396115162,319.5,319,318.5,318,317.5,320.5,321,321.5,322,322.5
1682989304537753388,319.5,319,318.5,318,317.5,320.5,321,321.5,322,322.5
1682989305115134329,319.5,319,318.5,318,317.5,320.5,321,321.5,322,322.5
1682989305115134329,319.5,319,318.5,318,317.5,320.5,321,321.5,322,322.5
1682989305160881770,319.5,319,318.5,318,317.5,320.5,321,321.5,322,322.5
1682989305304572258,319.5,319,318.5,318,317.5,320,320.5,321,321.5,322
1682989305317479391,319.5,319,318.5,318,317.5,320.5,321,321.5,322,322.5
1682989305338319969,319.5,319,318.5,318,317.5,320.5,321,321.5,322,322.5
1682989305350588844,319.5,319,318.5,318,317.5,320.5,321,321.5,322,322.5
1682989305428686152,319.5,319,318.5,318,317.5,320.5,321,321.5,322,322.5
1682989305601565553,319.5,319,318.5,318,317.5,320.5,321,321.5,322,322.5
1682989305654864411,319.5,319,318.5,318,317.5,320.5,321,321.5,322,322.5
1682989306518530222,320,319.5,319,318.5,318,320.5,321,321.5,322,322.5
1682989306552518825,320,319.5,319,318.5,318,320.5,321,321.5,322,322.5
1682989307876982302,319.5,319,318.5,318,317.5,320.5,321,321.5,322,322.5
1682989308281348669,319.5,319,318.5,318,317.5,320.5,321,321.5,322,322.5
1682989308312091779,319.5,319,318.5,318,317.5,320.5,321,321.5,322,322.5
1682989308445258920,319.5,319,318.5,318,317.5,320.5,321,321.5,322,322.5
1682989309804010564,319.5,319,318.5,318,317.5,320.5,321,321.5,322,322.5
1682989311123647850,320,319.5,319,318.5,318,320.5,321,321.5,322,322.5
1682989311153925356,320,319.5,319,318.5,318,320.5,321,321.5,322,322.5
1682989311164009569,320,319.5,319,318.5,318,320.5,321,321.5,322,322.5
1682989311570361303,320,319.5,319,318.5,318,320.5,321,321.5,322,322.5
1682989311993358700,320,319.5,319,318.5,318,320.5,321,321.5,322,322.5
1682989312046676203,320,319.5,319,318.5,318,320.5,321,321.5,322,322.5
1682989312759567235,320,319.5,319,318.5,318,320.5,321,321.5,322,322.5
1682989312999958168,320,319.5,319,318.5,318,320.5,321,321.5,322,322.5
1682989313255280566,320,319.5,319,318.5,318,320.5,321,321.5,322,322.5
1682989313445527203,320,319.5,319,318.5,318,320.5,321,321.5,322,322.5
1682989313656356455,320,319.5,319,318.5,318,320.5,321,321.5,322,322.5
1682989313679032048,320,319.5,319,318.5,318,320.5,321,321.5,322,322.5
1682989314022970081,320,319.5,319,318.5,318,320.5,321,321.5,322,322.5
1682989314309711658,320,319.5,319,318.5,318,320.5,321,321.5,322,322.5
1682989314488860640,320,319.5,319,318.5,318,320.5,321,321.5,322,322.5
1682989314544255042,320,319.5,319,318.5,318,320.5,321,321.5,322,322.5
1682989314926129411,320,319.5,319,318.5,318,320.5,321,321.5,322,322.5
1682989315465213320,320,319.5,319,318.5,318,320.5,321,321.5,322,322.5
1682989315497755187,320,319.5,319,318.5,318,320.5,321,321.5,322,322.5
1682989316922530219,320,319.5,319,318.5,318,320.5,321,321.5,322,322.5
1682989316957359932,320,319.5,319,318.5,318,320.5,321,321.5,322,322.5
1682989316990343488,320,319.5,319,318.5,318,320.5,321,321.5,322,322.5
1682989319231169104,320,319.5,319,318.5,318,320.5,321,321.5,322,322.5
1682989319695143665,320,319.5,319,318.5,318,320.5,321,321.5,322,322.5
1682989320407686222,320,319.5,319,318.5,318,320.5,321,321.5,322,322.5
1682989321409440564,320,319.5,319,318.5,318,320.5,321,321.5,322,322.5
1682989323412549327,320.5,320,319.5,319,318.5,321,321.5,322,322.5,323
1682989323445192254,320.5,320,319.5,319,318.5,321,321.5,322,322.5,323
1682989323750399370,320.5,320,319.5,319,318.5,321,321.5,322,322.5,323
1682989324873444895,320,319.5,319,318.5,318,321,321.5,322,322.5,323
1682989324910410188,320,319.5,319,318.5,318,321,321.5,322,322.5,323
1682989324922239868,320,319.5,319,318.5,318,320.5,321,321.5,322,322.5
1682989324956098427,320,319.5,319,318.5,318,320.5,321,321.5,322,322.5
1682989325248224023,320,319.5,319,318.5,318,320.5,321,321.5,322,322.5
1682989325293462217,320,319.5,319,318.5,318,320.5,321,321.5,322,322.5
1682989326095812067,320,319.5,319,318.5,318,320.5,321,321.5,322,322.5
1682989326131404833,320,319.5,319,318.5,318,320.5,321,321.5,322,322.5
1682989326629435414,320,319.5,319,318.5,318,320.5,321,321.5,322,322.5
1682989327537093160,320,319.5,319,318.5,318,320.5,321,321.5,322,322.5
1682989327603804230,320,319.5,319,318.5,318,320.5,321,321.5,322,322.5
1682989328425251536,320,319.5,319,318.5,318,320.5,321,321.5,322,322.5
1682989328839860663,320,319.5,319,318.5,318,320.5,321,321.5,322,322.5
1682989328872941162,320,319.5,319,318.5,318,320.5,321,321.5,322,322.5
1682989328907256309,320,319.5,319,318.5,318,321,321.5,322,322.5,323
1682989328972472612,320,319.5,319,318.5,318,321,321.5,322,322.5,323
1682989329008393654,320,319.5,319,318.5,318,321,321.5,322,322.5,323
1682989329008393654,320,319.5,319,318.5,318,321,321.5,322,322.5,323
1682989329041195079,320,319.5,319,318.5,318,321,321.5,322,322.5,323
1682989330139866582,320,319.5,319,318.5,318,321,321.5,322,322.5,323
1682989330357142347,320,319.5,319,318.5,318,321,321.5,322,322.5,323
1682989330418867125,320,319.5,319,318.5,318,321,321.5,322,322.5,323
1682989331852048571,320,319.5,319,318.5,318,321,321.5,322,322.5,323
1682989331852048571,320,319.5,319,318.5,318,321,321.5,322,322.5,323
1682989332929186215,320,319.5,319,318.5,318,321,321.5,322,322.5,323
1682989333526669448,320.5,320,319.5,319,318.5,321,321.5,322,322.5,323
1682989333558991222,320.5,320,319.5,319,318.5,321,321.5,322,322.5,323
1682989333893046982,320.5,320,319.5,319,318.5,321,321.5,322,322.5,323
1682989335042415379,320.5,320,319.5,319,318.5,321,321.5,322,322.5,323
1682989335435153033,320.5,320,319.5,319,318.5,321,321.5,322,322.5,323
1682989335789133992,320.5,320,319.5,319,318.5,321,321.5,322,322.5,323
1682989336557562104,320,319.5,319,318.5,318,321,321.5,322,322.5,323
1682989336602535702,320,319.5,319,318.5,318,321,321.5,322,322.5,323
1682989336636404701,320,319.5,319,318.5,318,321,321.5,322,322.5,323
1682989336670786332,320,319.5,319,318.5,318,321,321.5,322,322.5,323
1682989337651416233,320,319.5,319,318.5,318,321,321.5,322,322.5,323
1682989340929932462,320,319.5,319,318.5,318,321,321.5,322,322.5,323
1682989341516366401,320,319.5,319,318.5,318,320.5,321,321.5,322,322.5
1682989341547938016,320,319.5,319,318.5,318,320.5,321,321.5,322,322.5
1682989342163831816,320,319.5,319,318.5,318,320.5,321,321.5,322,322.5
1682989342174669474,320,319.5,319,318.5,318,320.5,321,321.5,322,322.5
1682989342472040207,320.5,320,319.5,319,318.5,321,321.5,322,322.5,323
1682989342502871282,320.5,320,319.5,319,318.5,321,321.5,322,322.5,323
1682989342502871282,320.5,320,319.5,319,318.5,321,321.5,322,322.5,323
1682989343021884689,320.5,320,319.5,319,318.5,321,321.5,322,322.5,323
1682989344694068040,320.5,320,319.5,319,318.5,321,321.5,322,322.5,323
1682989344726954505,320.5,320,319.5,319,318.5,321,321.5,322,322.5,323
1682989345046788252,320.5,320,319.5,319,318.5,321,321.5,322,322.5,323
1682989345081375730,320.5,320,319.5,319,318.5,321,321.5,322,322.5,323
1682989345153473674,320.5,320,319.5,319,318.5,321,321.5,322,322.5,323
1682989345557408080,320.5,320,319.5,319,318.5,321,321.5,322,322.5,323
1682989349928001713,320.5,320,319.5,319,318.5,321,321.5,322,322.5,323
1682989350456692889,320.5,320,319.5,319,318.5,321,321.5,322,322.5,323
1682989350881339272,320.5,320,319.5,319,318.5,321,321.5,322,322.5,323
1682989353133420452,320.5,320,319.5,319,318.5,321,321.5,322,322.5,323
1682989354100858134,320.5,320,319.5,319,318.5,321,321.5,322,322.5,323
1682989354123226541,320.5,320,319.5,319,318.5,321,321.5,322,322.5,323
1682989354320763236,320.5,320,319.5,319,318.5,321,321.5,322,322.5,323
1682989355971843353,320.5,320,319.5,319,318.5,321,321.5,322,322.5,323
1682989356717668429,320.5,320,319.5,319,318.5,321,321.5,322,322.5,323
1682989356992605203,320.5,320,319.5,319,318.5,321,321.5,322,322.5,323
1682989358930218910,320.5,320,319.5,319,318.5,321,321.5,322,322.5,323
1682989358972114223,320.5,320,319.5,319,318.5,321,321.5,322,322.5,323
1682989359298543839,320.5,320,319.5,319,318.5,321,321.5,322,322.5,323
1682989359619315823,320.5,320,319.5,319,318.5,321,321.5,322,322.5,323
1682989359652118817,320.5,320,319.5,319,318.5,321,321.5,322,322.5,323
1682989360428088866,320.5,320,319.5,319,318.5,321,321.5,322,322.5,323
1682989360471096618,320.5,320,319.5,319,318.5,321,321.5,322,322.5,323
1682989360845037110,320.5,320,319.5,319,318.5,321,321.5,322,322.5,323
1682989363661948342,320.5,320,319.5,319,318.5,321,321.5,322,322.5,323
1682989364280423511,320.5,320,319.5,319,318.5,321,321.5,322,322.5,323
1682989364464297204,320.5,320,319.5,319,318.5,321,321.5,322,322.5,323
1682989364496598426,320,319.5,319,318.5,318,321,321.5,322,322.5,323
1682989364541452966,320,319.5,319,318.5,318,321,321.5,322,322.5,323
1682989364576585804,320,319.5,319,318.5,318,321,321.5,322,322.5,323
1682989364652556911,320.5,320,319.5,319,318.5,321,321.5,322,322.5,323
1682989364682857637,320.5,320,319.5,319,318.5,321,321.5,322,322.5,323
1682989364836452315,320,319.5,319,318.5,318,321,321.5,322,322.5,323
1682989364960726576,320,319.5,319,318.5,318,321,321.5,322,322.5,323
1682989364995113854,320,319.5,319,318.5,318,321,321.5,322,322.5,323
1682989364995221196,320,319.5,319,318.5,318,321,321.5,322,322.5,323
1682989364995221196,320,319.5,319,318.5,318,321,321.5,322,322.5,323
1682989366488236548,320,319.5,319,318.5,318,321,321.5,322,322.5,323
1682989368194250853,320,319.5,319,318.5,318,321,321.5,322,322.5,323
1682989371114913107,320,319.5,319,318.5,318,321,321.5,322,322.5,323
1682989372224681896,320,319.5,319,318.5,318,321,321.5,322,322.5,323
1682989374042323560,320,319.5,319,318.5,318,321,321.5,322,322.5,323
1682989376178030626,320,319.5,319,318.5,318,321,321.5,322,322.5,323
1682989376199671995,320.5,320,319.5,319,318.5,321,321.5,322,322.5,323
1682989376220660970,320.5,320,319.5,319,318.5,321,321.5,322,322.5,323
1682989376220887395,320,319.5,319,318.5,318,321,321.5,322,322.5,323
1682989376220887395,320.5,320,319.5,319,318.5,321,321.5,322,322.5,323
1682989376509232521,320.5,320,319.5,319,318.5,321,321.5,322,322.5,323
1682989376630045925,320.5,320,319.5,319,318.5,321,321.5,322,322.5,323
1682989376742743022,320.5,320,319.5,319,318.5,321,321.5,322,322.5,323
1682989376776527739,320.5,320,319.5,319,318.5,321,321.5,322,322.5,323
1682989377079728084,320.5,320,319.5,319,318.5,321,321.5,322,322.5,323
1682989377485102871,320.5,320,319.5,319,318.5,321,321.5,322,322.5,323
1682989379940916423,320.5,320,319.5,319,318.5,321,321.5,322,322.5,323
1682989380544711873,320.5,320,319.5,319,318.5,321,321.5,322,322.5,323
1682989381496125358,320.5,320,319.5,319,318.5,321,321.5,322,322.5,323
1682989381923739006,320.5,320,319.5,319,318.5,321,321.5,322,322.5,323
1682989381957904217,320.5,320,319.5,319,318.5,321,321.5,322,322.5,323
1682989383772665183,320.5,320,319.5,319,318.5,321,321.5,322,322.5,323
1682989383795256666,320.5,320,319.5,319,318.5,321,321.5,322,322.5,323
1682989384013938678,320.5,320,319.5,319,318.5,321,321.5,322,322.5,323
1682989384078483904,320.5,320,319.5,319,318.5,321,321.5,322,322.5,323
1682989384107706747,320.5,320,319.5,319,318.5,321.5,322,322.5,323,323.5
1682989384107706747,321,320.5,320,319.5,319,321.5,322,322.5,323,323.5
1682989384107751541,321,320.5,320,319.5,319,321.5,322,322.5,323,323.5
1682989384142252663,321,320.5,320,319.5,319,321.5,322,322.5,323,323.5
1682989384142252663,321,320.5,320,319.5,319,321.5,322,322.5,323,323.5
1682989384323688108,321,320.5,320,319.5,319,321.5,322,322.5,323,323.5
1682989384647491804,321,320.5,320,319.5,319,321.5,322,322.5,323,323.5
1682989384804412095,321,320.5,320,319.5,319,321.5,322,322.5,323,323.5
1682989384826519750,321,320.5,320,319.5,319,321.5,322,322.5,323,323.5
1682989384894368418,321,320.5,320,319.5,319,321.5,322,322.5,323,323.5
1682989385032082031,321,320.5,320,319.5,319,321.5,322,322.5,323,323.5
1682989385616687874,321,320.5,320,319.5,319,321.5,322,322.5,323,323.5
1682989387056722763,321,320.5,320,319.5,319,321.5,322,322.5,323,323.5
1682989387068705489,321,320.5,320,319.5,319,321.5,322,322.5,323,323.5
1682989387089358753,321,320.5,320,319.5,319,321.5,322,322.5,323,323.5
1682989388305247622,321,320.5,320,319.5,319,321.5,322,322.5,323,323.5
1682989388828668608,321,320.5,320,319.5,319,321.5,322,322.5,323,323.5
1682989389043494140,321,320.5,320,319.5,319,321.5,322,322.5,323,323.5
1682989391583665805,321,320.5,320,319.5,319,321.5,322,322.5,323,323.5
1682989392656062112,321,320.5,320,319.5,319,321.5,322,322.5,323,323.5
1682989392686808115,321,320.5,320,319.5,319,321.5,322,322.5,323,323.5
1682989393059262367,321,320.5,320,319.5,319,321.5,322,322.5,323,323.5
1682989393352096992,321,320.5,320,319.5,319,321.5,322,322.5,323,323.5
1682989393533894638,321,320.5,320,319.5,319,321.5,322,322.5,323,323.5
1682989394142583104,321,320.5,320,319.5,319,321.5,322,322.5,323,323.5
1682989394187849006,321,320.5,320,319.5,319,321.5,322,322.5,323,323.5
1682989394447822157,321,320.5,320,319.5,319,321.5,322,322.5,323,323.5
1682989394652899958,321,320.5,320,319.5,319,321.5,322,322.5,323,323.5
1682989394716239632,321,320.5,320,319.5,319,321.5,322,322.5,323,323.5
1682989394840382065,321,320.5,320,319.5,319,321.5,322,322.5,323,323.5
1682989395336074284,321,320.5,320,319.5,319,321.5,322,322.5,323,323.5
1682989395716810485,321,320.5,320,319.5,319,321.5,322,322.5,323,323.5
1682989395839104468,321,320.5,320,319.5,319,321.5,322,322.5,323,323.5
1682989397025332633,321,320.5,320,319.5,319,321.5,322,322.5,323,323.5
1682989400016484665,321,320.5,320,319.5,319,321.5,322,322.5,323,323.5
1682989401157726964,321,320.5,320,319.5,319,321.5,322,322.5,323,323.5
1682989402394354117,321,320.5,320,319.5,319,321.5,322,322.5,323,323.5
1682989404047138520,321,320.5,320,319.5,319,321.5,322,322.5,323,323.5
1682989404189552758,321,320.5,320,319.5,319,321.5,322,322.5,323,323.5
1682989405389856187,321,320.5,320,319.5,319,321.5,322,322.5,323,323.5
1682989405401767649,321,320.5,320,319.5,319,321.5,322,322.5,323,323.5
1682989405591775609,321,320.5,320,319.5,319,321.5,322,322.5,323,323.5
1682989405764209525,321,320.5,320,319.5,319,321.5,322,322.5,323,323.5
1682989405799050976,321,320.5,320,319.5,319,321.5,322,322.5,323,323.5
1682989405886980414,321,320.5,320,319.5,319,321.5,322,322.5,323,323.5
1682989407068833775,321,320.5,320,319.5,319,321.5,322,322.5,323,323.5
1682989407315512728,321,320.5,320,319.5,319,321.5,322,322.5,323,323.5
1682989407315648814,321,320.5,320,319.5,319,321.5,322,322.5,323,323.5
1682989407501997313,321,320.5,320,319.5,319,321.5,322,322.5,323,323.5
1682989407982236460,321,320.5,320,319.5,319,321.5,322,322.5,323,323.5
1682989408618294440,321,320.5,320,319.5,319,321.5,322,322.5,323,323.5
1682989409130241485,321,320.5,320,319.5,319,321.5,322,322.5,323,323.5
1682989409151399997,321,320.5,320,319.5,319,321.5,322,322.5,323,323.5
1682989409272134554,321,320.5,320,319.5,319,321.5,322,322.5,323,323.5
1682989409272134554,321,320.5,320,319.5,319,321.5,322,322.5,323,323.5
1682989409294216971,321,320.5,320,319.5,319,321.5,322,322.5,323,323.5
1682989409306409872,320.5,320,319.5,319,318.5,321.5,322,322.5,323,323.5
1682989409339217895,320.5,320,319.5,319,318.5,321.5,322,322.5,323,323.5
1682989409339217895,320,319.5,319,318.5,318,321.5,322,322.5,323,323.5
1682989409339217895,320,319.5,319,318.5,318,321.5,322,322.5,323,323.5
1682989409351579112,320,319.5,319,318.5,318,321.5,322,322.5,323,323.5
1682989409373746339,320,319.5,319,318.5,318,321.5,322,322.5,323,323.5
1682989409373746339,320,319.5,319,318.5,318,321.5,322,322.5,323,323.5
1682989409384171290,320,319.5,319,318.5,318,321.5,322,322.5,323,323.5
1682989409396370062,320,319.5,319,318.5,318,321.5,322,322.5,323,323.5
1682989409464480011,321,320,319.5,319,318.5,321.5,322,322.5,323,323.5
1682989409509368394,320,319.5,319,318.5,318,321.5,322,322.5,323,323.5
1682989409509368394,320,319.5,319,318.5,318,321.5,322,322.5,323,323.5
1682989409509368394,320,319.5,319,318.5,318,321,321.5,322,322.5,323
1682989409509550216,320,319.5,319,318.5,318,321,321.5,322,322.5,323
1682989409509550216,320,319.5,319,318.5,318,321,321.5,322,322.5,323
1682989409541901351,320,319.5,319,318.5,318,321,321.5,322,322.5,323
1682989409541901351,320,319.5,319,318.5,318,321,321.5,322,322.5,323
1682989409541957056,320,319.5,319,318.5,318,321,321.5,322,322.5,323
1682989409574875186,320,319.5,319,318.5,318,321,321.5,322,322.5,323
1682989409738171387,320,319.5,319,318.5,318,321,321.5,322,322.5,323
1682989409826389958,320,319.5,319,318.5,318,321,321.5,322,322.5,323
1682989410809950587,320,319.5,319,318.5,318,321,321.5,322,322.5,323
1682989410809984921,320,319.5,319,318.5,318,321,321.5,322,322.5,323
1682989410819591977,320,319.5,319,318.5,318,321,321.5,322,322.5,323
1682989410819591977,320,319.5,319,318.5,318,321,321.5,322,322.5,323
1682989410819701823,320,319.5,319,318.5,318,321,321.5,322,322.5,323
1682989410819701823,320,319.5,319,318.5,318,321,321.5,322,322.5,323
1682989410819701823,320,319.5,319,318.5,318,321,321.5,322,322.5,323
1682989410832210607,320,319.5,319,318.5,318,321,321.5,322,322.5,323
1682989410832326585,320,319.5,319,318.5,318,321,321.5,322,322.5,323
1682989410832387079,320,319.5,319,318.5,318,321,321.5,322,322.5,323
1682989410854463264,320,319.5,319,318.5,318,321,321.5,322,322.5,323
1682989410854463264,320,319.5,319,318.5,318,321,321.5,322,322.5,323
1682989410888334263,320,319.5,319,318.5,318,321,321.5,322,322.5,323
1682989411136229590,320,319.5,319,318.5,318,321,321.5,322,322.5,323
1682989412276878124,320,319.5,319,318.5,318,321,321.5,322,322.5,323
1682989412856683867,320,319.5,319,318.5,318,321,321.5,322,322.5,323
1682989413219241339,320,319.5,319,318.5,318,321,321.5,322,322.5,323
1682989413708670299,320,319.5,319,318.5,318,321,321.5,322,322.5,323
1682989414622754924,320,319.5,319,318.5,318,321,321.5,322,322.5,323
1682989414656626835,320,319.5,319,318.5,318,321,321.5,322,322.5,323
1682989417327740732,320.5,320,319.5,319,318.5,321,321.5,322,322.5,323
1682989417352538667,320.5,320,319.5,319,318.5,321,321.5,322,322.5,323
1682989417352538667,320,319.5,319,318.5,318,321,321.5,322,322.5,323
1682989417352538667,320,319.5,319,318.5,318,320.5,321,321.5,322,322.5
1682989417352538667,319.5,319,318.5,318,317.5,320.5,321,321.5,322,322.5
1682989417352572862,319.5,319,318.5,318,317.5,320.5,321,321.5,322,322.5
1682989417352572862,319.5,319,318.5,318,317.5,320.5,321,321.5,322,322.5
1682989417384822597,319.5,319,318.5,318,317.5,320.5,321,321.5,322,322.5
1682989417384822597,319.5,319,318.5,318,317.5,320.5,321,321.5,322,322.5
1682989417384822597,319.5,319,318.5,318,317.5,320,320.5,321,321.5,322
1682989417384965916,319.5,319,318.5,318,317.5,320,320.5,321,321.5,322
1682989417384965916,319.5,319,318.5,318,317.5,320,320.5,321,321.5,322
1682989417397178424,319.5,319,318.5,318,317.5,320,320.5,321,321.5,322
1682989417417549027,319.5,319,318.5,318,317.5,320,320.5,321,321.5,322
1682989417417549027,319.5,319,318.5,318,317.5,320,320.5,321,321.5,322
1682989417417613108,319.5,319,318.5,318,317.5,320,320.5,321,321.5,322
1682989420440541990,319.5,319,318.5,318,317.5,320,320.5,321,321.5,322
1682989420485420354,319.5,319,318.5,318,317.5,320,320.5,321,321.5,322
1682989422165735113,319.5,319,318.5,318,317.5,320,320.5,321,321.5,322
1682989422188443476,319.5,319,318.5,318,317.5,320,320.5,321,321.5,322
1682989422188443476,319,318.5,318,317.5,317,320,320.5,321,321.5,322
1682989422188443476,319,318.5,318,317.5,317,319.5,320,320.5,321,321.5
1682989422188443476,319,318.5,318,317.5,317,319.5,320,320.5,321,321.5
1682989422221107168,319,318.5,318,317.5,317,319.5,320,320.5,321,321.5
1682989422221107168,319,318.5,318,317.5,317,319.5,320,320.5,321,321.5
1682989422221107168,319,318.5,318,317.5,317,319.5,320,320.5,321,321.5
1682989422221107168,319,318.5,318,317.5,317,319.5,320,320.5,321,321.5
1682989422221295682,319,318.5,318,317.5,317,319.5,320,320.5,321,321.5
1682989422221295682,319,318.5,318,317.5,317,319.5,320,320.5,321,321.5
1682989422255844183,319,318.5,318,317.5,317,320,320.5,321,321.5,322
1682989422277342825,319.5,319,318.5,318,317.5,320,320.5,321,321.5,322
1682989422297852099,319.5,319,318.5,318,317.5,320,320.5,321,321.5,322
1682989422308148038,319.5,319,318.5,318,317.5,320,320.5,321,321.5,322
1682989422308209935,319.5,319,318.5,318,317.5,320,320.5,321,321.5,322
1682989422612480500,319.5,319,318.5,318,317.5,320,320.5,321,321.5,322
1682989422979438694,319.5,319,318.5,318,317.5,320,320.5,321,321.5,322
1682989424379392987,319.5,319,318.5,318,317.5,320,320.5,321,321.5,322
1682989424422204110,319.5,319,318.5,318,317.5,320,320.5,321,321.5,322
1682989424735939975,319.5,319,318.5,318,317.5,320,320.5,321,321.5,322
1682989425154859291,319.5,319,318.5,318,317.5,320,320.5,321,321.5,322
1682989426447310419,319.5,319,318.5,318,317.5,320,320.5,321,321.5,322
1682989426724746675,319.5,319,318.5,318,317.5,320,320.5,321,321.5,322
1682989426759617261,319.5,319,318.5,318,317.5,320.5,321,321.5,322,322.5
1682989426769716862,319.5,319,318.5,318,317.5,320,320.5,321,321.5,322
1682989426794011723,319.5,319,318.5,318,317.5,320,320.5,321,321.5,322
1682989428256889108,319.5,319,318.5,318,317.5,320,320.5,321,321.5,322
1682989428620206286,319.5,319,318.5,318,317.5,320,320.5,321,321.5,322
1682989428896665058,319.5,319,318.5,318,317.5,320,320.5,321,321.5,322
1682989429186353046,319,318.5,318,317.5,317,320,320.5,321,321.5,322
1682989429217178688,319,318.5,318,317.5,317,320,320.5,321,321.5,322
1682989429227442096,319,318.5,318,317.5,317,320,320.5,321,321.5,322
1682989429247830703,319,318.5,318,317.5,317,320,320.5,321,321.5,322
1682989433451409981,319,318.5,318,317.5,317,320,320.5,321,321.5,322
1682989434368947448,319,318.5,318,317.5,317,320,320.5,321,321.5,322
1682989434402637277,319,318.5,318,317.5,317,320,320.5,321,321.5,322
1682989434402637277,319,318.5,318,317.5,317,320,320.5,321,321.5,322
1682989436499356492,319.5,319,318.5,318,317.5,320,320.5,321,321.5,322
1682989436534602262,319.5,319,318.5,318,317.5,320,320.5,321,321.5,322
1682989436534743357,319,318.5,318,317.5,317,320,320.5,321,321.5,322
1682989437068134652,319.5,319,318.5,318,317.5,320,320.5,321,321.5,322
1682989437098817305,319,318.5,318,317.5,317,320,320.5,321,321.5,322
1682989437296750133,319,318.5,318,317.5,317,320,320.5,321,321.5,322
1682989437329729047,319,318.5,318,317.5,317,320,320.5,321,321.5,322
1682989437542249231,319,318.5,318,317.5,317,320,320.5,321,321.5,322
1682989439515601568,319,318.5,318,317.5,317,319.5,320,320.5,321,321.5
1682989439542110565,319,318.5,318,317.5,317,319.5,320,320.5,321,321.5
1682989439542217095,319,318.5,318,317.5,317,319.5,320,320.5,321,321.5
1682989439542217095,319,318.5,318,317.5,317,319.5,320,320.5,321,321.5
1682989440857387997,319,318.5,318,317.5,317,319.5,320,320.5,321,321.5
1682989441057231462,319,318.5,318,317.5,317,319.5,320,320.5,321,321.5
1682989441090559401,319,318.5,318,317.5,317,319.5,320,320.5,321,321.5
1682989442572233826,319,318.5,318,317.5,317,319.5,320,320.5,321,321.5
1682989442605005962,319,318.5,318,317.5,317,319.5,320,320.5,321,321.5
1682989442605005962,318.5,318,317.5,317,316.5,319.5,320,320.5,321,321.5
1682989442638961079,318.5,318,317.5,317,316.5,319.5,320,320.5,321,321.5
1682989442649016617,318.5,318,317.5,317,316.5,319.5,320,320.5,321,321.5
1682989442671535955,318.5,318,317.5,317,316.5,319.5,320,320.5,321,321.5
1682989442950512083,318.5,318,317.5,317,316.5,319.5,320,320.5,321,321.5
1682989442972644173,319,318.5,318,317.5,317,319.5,320,320.5,321,321.5
1682989443009172431,319,318.5,318,317.5,317,319.5,320,320.5,321,321.5
1682989443009172431,318.5,318,317.5,317,316.5,319.5,320,320.5,321,321.5
1682989443119232958,318.5,318,317.5,317,316.5,319.5,320,320.5,321,321.5
1682989443138971776,318.5,318,317.5,317,316.5,319.5,320,320.5,321,321.5
1682989443938608788,318,317.5,317,316.5,316,319.5,320,320.5,321,321.5
1682989443971423815,318,317.5,317,316.5,316,319.5,320,320.5,321,321.5
1682989443971423815,318,317.5,317,316.5,316,319.5,320,320.5,321,321.5
1682989443971445676,318,317.5,317,316.5,316,319.5,320,320.5,321,321.5
1682989444005825871,318,317.5,317,316.5,316,319.5,320,320.5,321,321.5
1682989444340699961,318,317.5,317,316.5,316,319.5,320,320.5,321,321.5
1682989447333405264,318,317.5,317,316.5,316,319.5,320,320.5,321,321.5
1682989447368186131,318,317.5,317,316.5,316,319.5,320,320.5,321,321.5
1682989447380113233,318,317.5,317,316.5,316,319.5,320,320.5,321,321.5
1682989447390322310,318,317.5,317,316.5,316,319.5,320,320.5,321,321.5
1682989447443506718,318,317.5,317,316.5,316,319.5,320,320.5,321,321.5
1682989447443506718,318,317.5,317,316.5,316,319.5,320,320.5,321,321.5
1682989447468249079,318,317.5,317,316.5,316,319.5,320,320.5,321,321.5
1682989447468352132,318,317.5,317,316.5,316,319.5,320,320.5,321,321.5
1682989447907291714,318,317.5,317,316.5,316,319.5,320,320.5,321,321.5
1682989448177329581,318,317.5,317,316.5,316,318.5,319.5,320,320.5,321
1682989448209703700,318,317.5,317,316.5,316,318.5,319.5,320,320.5,321
1682989448209811282,318,317.5,317,316.5,316,318.5,319.5,320,320.5,321
1682989448209811282,318,317.5,317,316.5,316,318.5,319.5,320,320.5,321
1682989448209811282,318,317.5,317,316.5,316,318.5,319.5,320,320.5,321
1682989448209835518,318,317.5,317,316.5,316,318.5,319.5,320,320.5,321
1682989448244518792,318,317.5,317,316.5,316,318.5,319.5,320,320.5,321
1682989448244518792,318,317.5,317,316.5,316,318.5,319.5,320,320.5,321
1682989448244518792,318,317.5,317,316.5,316,318.5,319.5,320,320.5,321
1682989448256804116,318,317.5,317,316.5,316,318.5,319.5,320,320.5,321
1682989448279147203,318,317.5,317,316.5,316,318.5,319.5,320,320.5,321
1682989448754113091,318,317.5,317,316.5,316,318.5,319.5,320,320.5,321
1682989449856218185,318,317.5,317,316.5,316,318.5,319.5,320,320.5,321
1682989449876901255,318,317.5,317,316.5,316,318.5,319.5,320,320.5,321
1682989449908273152,318,317.5,317,316.5,316,318.5,319.5,320,320.5,321
1682989450238538490,318,317.5,317,316.5,316,318.5,319.5,320,320.5,321
1682989450953045741,318,317.5,317,316.5,316,318.5,319.5,320,320.5,321
1682989451266215754,317.5,317,316.5,316,315.5,318.5,319.5,320,320.5,321
1682989451300860085,317.5,317,316.5,316,315.5,318.5,319.5,320,320.5,321
1682989451312386074,317.5,317,316.5,316,315.5,318.5,319.5,320,320.5,321
1682989451312579316,317.5,317,316.5,316,315.5,318.5,319.5,320,320.5,321
1682989451334762874,317.5,317,316.5,316,315.5,318.5,319.5,320,320.5,321
1682989451399243449,317.5,317,316.5,316,315.5,318.5,319.5,320,320.5,321
1682989452688820402,317.5,317,316.5,316,315.5,318.5,319.5,320,320.5,321
1682989452701583192,317.5,317,316.5,316,315.5,318.5,319.5,320,320.5,321
1682989452723362551,317.5,317,316.5,316,315.5,318.5,319.5,320,320.5,321
1682989454099867722,317.5,317,316.5,316,315.5,318.5,319.5,320,320.5,321
1682989454099882570,317.5,317,316.5,316,315.5,318.5,319.5,320,320.5,321
1682989454120557194,317.5,317,316.5,316,315.5,318.5,319.5,320,320.5,321
1682989454120557194,0,0,0,0,0,0,0,0,0,0
1682989454120557194,317,316.5,316,315.5,315,318.5,319.5,320,320.5,321
1682989454120557194,317,316.5,316,315.5,315,318.5,319.5,320,320.5,321
1682989454140492190,317,316.5,316,315.5,315,318.5,319.5,320,320.5,321
1682989454151072463,317,316.5,316,315.5,315,318.5,319.5,320,320.5,321
1682989454151072463,317,316.5,316,315.5,315,318.5,319.5,320,320.5,321
1682989454161020970,317,316.5,316,315.5,315,318.5,319.5,320,320.5,321
1682989454270610162,317,316.5,316,315.5,315,318,318.5,319.5,320,320.5
1682989454291086505,317,316.5,316,315.5,315,318,318.5,319.5,320,320.5
1682989454291086505,317,316.5,316,315.5,315,318,318.5,319.5,320,320.5
1682989454291086505,317,316.5,316,315.5,315,318,318.5,319.5,320,320.5
1682989454291134835,317,316.5,316,315.5,315,318,318.5,319.5,320,320.5
1682989454302449327,317,316.5,316,315.5,315,318,318.5,319.5,320,320.5
1682989454302501355,317,316.5,316,315.5,315,318,318.5,319.5,320,320.5
1682989454310533895,317,316.5,316,315.5,315,318,318.5,319.5,320,320.5
1682989454310533895,317,316.5,316,315.5,315,318,318.5,319.5,320,320.5
1682989456368788558,317,316.5,316,315.5,315,318,318.5,319.5,320,320.5
1682989457192148347,317,316.5,316,315.5,315,318,318.5,319.5,320,320.5
1682989460043908752,317,316.5,316,315.5,315,318,318.5,319.5,320,320.5
1682989460090962481,317,316.5,316,315.5,315,318,318.5,319.5,320,320.5
1682989460917510065,317,316.5,316,315.5,315,318,318.5,319.5,320,320.5
1682989461950546361,317,316.5,316,315.5,315,318,318.5,319.5,320,320.5
1682989461985590452,317,316.5,316,315.5,315,318,318.5,319.5,320,320.5
1682989462119591845,317.5,317,316.5,316,315.5,318,318.5,319.5,320,320.5
1682989462152352971,317.5,317,316.5,316,315.5,318,318.5,319.5,320,320.5
1682989462152352971,317.5,317,316.5,316,315.5,318,318.5,319.5,320,320.5
1682989462152352971,317.5,317,316.5,316,315.5,318,318.5,319.5,320,320.5
1682989462187192589,317.5,317,316.5,316,315.5,318,318.5,319.5,320,320.5
1682989462187192589,317.5,317,316.5,316,315.5,318,318.5,319.5,320,320.5
1682989462187192589,317,316.5,316,315.5,315,318,318.5,319.5,320,320.5
1682989462220456749,317,316.5,316,315.5,315,318,318.5,319.5,320,320.5
1682989462254722298,317,316.5,316,315.5,315,318,318.5,319.5,320,320.5
1682989462392884924,317.5,317,316.5,316,315.5,318,318.5,319.5,320,320.5
1682989462414119760,317.5,317,316.5,316,315.5,318,318.5,319.5,320,320.5
1682989462414134969,317,316.5,316,315.5,315,318,318.5,319.5,320,320.5
1682989462449722841,317,316.5,316,315.5,315,318,318.5,319.5,320,320.5
1682989462449914110,317,316.5,316,315.5,315,318,318.5,319.5,320,320.5
1682989462480205339,317,316.5,316,315.5,315,318,318.5,319.5,320,320.5
1682989462717616894,317,316.5,316,315.5,315,318,318.5,319.5,320,320.5
1682989463058898553,317,316.5,316,315.5,315,318,318.5,319.5,320,320.5
1682989463098088538,317,316.5,316,315.5,315,318,318.5,319.5,320,320.5
1682989463128621421,316.5,316,315.5,315,314.5,318,318.5,319.5,320,320.5
1682989463128621421,316.5,316,315.5,315,314.5,318,318.5,319.5,320,320.5
1682989463160992504,316.5,316,315.5,315,314.5,318,318.5,319.5,320,320.5
1682989463161063046,316.5,316,315.5,315,314.5,318,318.5,319.5,320,320.5
1682989463195325661,316.5,316,315.5,315,314.5,318,318.5,319.5,320,320.5
1682989463195350938,316.5,316,315.5,315,314.5,318,318.5,319.5,320,320.5
1682989463223428401,316.5,316,315.5,315,314.5,318,318.5,319.5,320,320.5
1682989463233804751,316.5,316,315.5,315,314.5,318,318.5,319.5,320,320.5
1682989465764610398,316.5,316,315.5,315,314.5,318,318.5,319.5,320,320.5
1682989466461815036,316.5,316,315.5,315,314.5,317.5,318,318.5,319.5,320
1682989466494040485,316.5,316,315.5,315,314.5,317.5,318,318.5,319.5,320
1682989466494040485,316.5,316,315.5,315,314.5,317.5,318,318.5,319.5,320
1682989466494040485,316.5,316,315.5,315,314.5,317.5,318,318.5,319.5,320
1682989466494282269,316.5,316,315.5,315,314.5,317.5,318,318.5,319.5,320
1682989466494282269,316.5,316,315.5,315,314.5,317.5,318,318.5,319.5,320
1682989466505265720,316.5,316,315.5,315,314.5,317.5,318,318.5,319.5,320
1682989466517140724,316.5,316,315.5,315,314.5,317.5,318,318.5,319.5,320
1682989466527747817,316.5,316,315.5,315,314.5,317.5,318,318.5,319.5,320
1682989466527747817,316.5,316,315.5,315,314.5,317.5,318,318.5,319.5,320
1682989466539574040,316.5,316,315.5,315,314.5,317.5,318,318.5,319.5,320
1682989467033129678,316.5,316,315.5,315,314.5,317,317.5,318,318.5,319.5
1682989467065832694,316.5,316,315.5,315,314.5,317,317.5,318,318.5,319.5
1682989467065832694,316.5,316,315.5,315,314.5,317.5,318,318.5,319.5,320
1682989467065832694,316.5,316,315.5,315,314.5,317.5,318,318.5,319.5,320
1682989467065857861,316.5,316,315.5,315,314.5,317.5,318,318.5,319.5,320
1682989467065857861,316.5,316,315.5,315,314.5,317,317.5,318,318.5,319.5
1682989467098914882,316.5,316,315.5,315,314.5,317.5,318,318.5,319.5,320
1682989467098948065,316.5,316,315.5,315,314.5,317.5,318,318.5,319.5,320
1682989467132283939,316.5,316,315.5,315,314.5,317.5,318,318.5,319.5,320
1682989467132283939,316.5,316,315.5,315,314.5,317.5,318,318.5,319.5,320
1682989467132392132,316.5,316,315.5,315,314.5,317.5,318,318.5,319.5,320
1682989467132392132,316.5,316,315.5,315,314.5,317.5,318,318.5,319.5,320
1682989467156543925,316.5,316,315.5,315,314.5,317.5,318,318.5,319.5,320
1682989467156543925,316.5,316,315.5,315,314.5,317.5,318,318.5,319.5,320
1682989467156543925,316.5,316,315.5,315,314.5,317.5,318,318.5,319.5,320
1682989467176692061,316.5,316,315.5,315,314.5,317.5,318,318.5,319.5,320
1682989467189165007,316.5,316,315.5,315,314.5,317.5,318,318.5,319.5,320
1682989467189165007,316.5,316,315.5,315,314.5,317.5,318,318.5,319.5,320
1682989467189165007,316.5,316,315.5,315,314.5,317.5,318,318.5,319.5,320
1682989467208109223,316.5,316,315.5,315,314.5,317.5,318,318.5,319.5,320
1682989467222198174,316.5,316,315.5,315,314.5,317.5,318,318.5,319.5,320
1682989467222198174,316.5,316,315.5,315,314.5,317.5,318,318.5,319.5,320
1682989467222198174,316.5,316,315.5,315,314.5,317.5,318,318.5,319.5,320
1682989467241594949,316.5,316,315.5,315,314.5,317.5,318,318.5,319.5,320
1682989467829386074,316.5,316,315.5,315,314.5,317.5,318,318.5,319.5,320
1682989467851965284,316.5,316,315.5,315,314.5,317.5,318,318.5,319.5,320
1682989467851965284,316.5,316,315.5,315,314.5,317.5,318,318.5,319.5,320
1682989467874613123,316.5,316,315.5,315,314.5,317.5,318,318.5,319.5,320
1682989467874892688,316.5,316,315.5,315,314.5,317.5,318,318.5,319.5,320
1682989467886689896,316.5,316,315.5,315,314.5,317.5,318,318.5,319.5,320
1682989467909401975,316.5,316,315.5,315,314.5,318,318.5,319.5,320,320.5
1682989467943601652,316.5,316,315.5,315,314.5,318,318.5,319.5,320,320.5
1682989467943601652,316.5,316,315.5,315,314.5,318,318.5,319.5,320,320.5
1682989467975873599,316.5,316,315.5,315,314.5,318,318.5,319.5,320,320.5
1682989467975873599,316.5,316,315.5,315,314.5,318,318.5,319.5,320,320.5
1682989468008687103,317,316.5,316,315.5,315,318,318.5,319.5,320,320.5
1682989468032558168,317,316.5,316,315.5,315,318,318.5,319.5,320,320.5
1682989468032558168,317,316.5,316,315.5,315,318,318.5,319.5,320,320.5
1682989468032645382,317,316.5,316,315.5,315,318,318.5,319.5,320,320.5
1682989468055320842,317,316.5,316,315.5,315,318,318.5,319.5,320,320.5
1682989468271963316,317,316.5,316,315.5,315,318,318.5,319.5,320,320.5
1682989468715394280,317,316.5,316,315.5,315,318,318.5,319.5,320,320.5
1682989468880299762,317,316.5,316,315.5,315,318,318.5,319.5,320,320.5
1682989468925147229,317,316.5,316,315.5,315,318,318.5,319.5,320,320.5
1682989469130091379,317,316.5,316,315.5,315,318.5,319.5,320,320.5,321
1682989469152418787,317,316.5,316,315.5,315,318.5,319.5,320,320.5,321
1682989469152418787,317,316.5,316,315.5,315,318.5,319.5,320,320.5,321
1682989469186309784,317,316.5,316,315.5,315,318.5,319.5,320,320.5,321
1682989469437142385,317,316.5,316,315.5,315,318.5,319.5,320,320.5,321
1682989469570822635,317.5,317,316.5,316,315.5,318.5,319.5,320,320.5,321
1682989469592982408,317.5,317,316.5,316,315.5,318.5,319.5,320,320.5,321
1682989469625877866,317.5,317,316.5,316,315.5,318.5,319.5,320,320.5,321
1682989469770805782,0,0,0,0,0,0,0,0,0,0
1682989469770805782,317,316.5,316,315.5,315,318.5,319.5,320,320.5,321
1682989469791639636,317,316.5,316,315.5,315,318.5,319.5,320,320.5,321
1682989469812052368,317,316.5,316,315.5,315,318.5,319.5,320,320.5,321
1682989470095572217,317,316.5,316,315.5,315,318.5,319.5,320,320.5,321
1682989470954393001,317,316.5,316,315.5,315,318.5,319.5,320,320.5,321
1682989471150300026,317,316.5,316,315.5,315,318.5,319.5,320,320.5,321
1682989471795804872,317,316.5,316,315.5,315,318.5,319.5,320,320.5,321
1682989471983012264,317.5,317,316.5,316,315.5,318.5,319.5,320,320.5,321
1682989472015552986,317.5,317,316.5,316,315.5,318.5,319.5,320,320.5,321
1682989472038749575,317.5,317,316.5,316,315.5,318.5,319.5,320,320.5,321
1682989472549301452,317.5,317,316.5,316,315.5,318.5,319.5,320,320.5,321
1682989472692463693,317.5,317,316.5,316,315.5,318.5,319.5,320,320.5,321
1682989472837982670,317.5,317,316.5,316,315.5,318.5,319,319.5,320,320.5
1682989473116467275,317.5,317,316.5,316,315.5,318.5,319,319.5,320,320.5
1682989473345760769,317.5,317,316.5,316,315.5,318,318.5,319,319.5,320
1682989473376704893,317.5,317,316.5,316,315.5,318,318.5,319,319.5,320
1682989473534316913,317.5,317,316.5,316,315.5,318,318.5,319,319.5,320
1682989473534360695,317.5,317,316.5,316,315.5,318,318.5,319,319.5,320
1682989473575240633,317.5,317,316.5,316,315.5,318,318.5,319,319.5,320
1682989473608059337,317.5,317,316.5,316,315.5,318,318.5,319,319.5,320
1682989474239799211,317.5,317,316.5,316,315.5,318,318.5,319,319.5,320
1682989474577766879,317.5,317,316.5,316,315.5,318,318.5,319,319.5,320
1682989474684758084,317.5,317,316.5,316,315.5,318,318.5,319,319.5,320
1682989475386560463,317.5,317,316.5,316,315.5,318,318.5,319.5,320,320.5
1682989475586964360,317.5,317,316.5,316,315.5,318,318.5,319.5,320,320.5
1682989475619059746,317.5,317,316.5,316,315.5,318,318.5,319.5,320,320.5
1682989476357710684,317,316.5,316,315.5,315,318,318.5,319.5,320,320.5
1682989476390266665,317,316.5,316,315.5,315,318,318.5,319.5,320,320.5
1682989476390266665,317,316.5,316,315.5,315,318,318.5,319.5,320,320.5
1682989476423105857,317,316.5,316,315.5,315,318,318.5,319.5,320,320.5
1682989476956369422,317,316.5,316,315.5,315,318,318.5,319.5,320,320.5
1682989477094752441,317.5,317,316.5,316,315.5,318,318.5,319.5,320,320.5
1682989477125412122,317.5,317,316.5,316,315.5,318,318.5,319.5,320,320.5
1682989477160371234,317.5,317,316.5,316,315.5,318,318.5,319.5,320,320.5
1682989477171275846,317.5,317,316.5,316,315.5,318,318.5,319.5,320,320.5
1682989478980982217,317.5,317,316.5,316,315.5,318,318.5,319.5,320,320.5
1682989479106019271,317.5,317,316.5,316,315.5,318,318.5,319.5,320,320.5
1682989481036849649,317.5,317,316.5,316,315.5,318,318.5,319.5,320,320.5
1682989481067992557,317.5,317,316.5,316,315.5,318,318.5,319.5,320,320.5
1682989481517717778,317.5,317,316.5,316,315.5,318,318.5,319.5,320,320.5
1682989481809442641,317.5,317,316.5,316,315.5,318,318.5,319.5,320,320.5
1682989482644900955,317.5,317,316.5,316,315.5,318,318.5,319.5,320,320.5
1682989482678170044,317.5,317,316.5,316,315.5,318.5,319.5,320,320.5,321
1682989482710201860,317.5,317,316.5,316,315.5,318.5,319.5,320,320.5,321
1682989482739211613,317.5,317,316.5,316,315.5,318.5,319.5,320,320.5,321
1682989483308551799,317.5,317,316.5,316,315.5,318.5,319.5,320,320.5,321
1682989483386582543,317.5,317,316.5,316,315.5,318.5,319.5,320,320.5,321
1682989483567611486,317.5,317,316.5,316,315.5,318,318.5,319.5,320,320.5
1682989483600267534,317.5,317,316.5,316,315.5,318,318.5,319.5,320,320.5
1682989483600378803,317.5,317,316.5,316,315.5,318.5,319.5,320,320.5,321
1682989483600378803,318,317.5,317,316.5,316,318.5,319.5,320,320.5,321
1682989483632960441,318,317.5,317,316.5,316,318.5,319.5,320,320.5,321
1682989483632960441,317.5,317,316.5,316,315.5,318.5,319.5,320,320.5,321
1682989483643533641,317.5,317,316.5,316,315.5,318.5,319.5,320,320.5,321
1682989483665700257,317.5,317,316.5,316,315.5,318.5,319.5,320,320.5,321
1682989483665754869,317.5,317,316.5,316,315.5,318.5,319.5,320,320.5,321
1682989483665754869,317.5,317,316.5,316,315.5,318.5,319.5,320,320.5,321
1682989483677975302,317.5,317,316.5,316,315.5,318.5,319.5,320,320.5,321
1682989484006715437,318,317.5,317,316.5,316,318.5,319.5,320,320.5,321
1682989484027272330,318,317.5,317,316.5,316,318.5,319.5,320,320.5,321
1682989484027474790,318,317.5,317,316.5,316,318.5,319.5,320,320.5,321
1682989484047878486,318,317.5,317,316.5,316,318.5,319.5,320,320.5,321
1682989484570905554,318,317.5,317,316.5,316,318.5,319.5,320,320.5,321
1682989484931440970,318,317.5,317,316.5,316,318.5,319.5,320,320.5,321
1682989485123112503,0,0,0,0,0,0,0,0,0,0
1682989485123112503,317.5,317,316.5,316,315.5,318.5,319.5,320,320.5,321
1682989485153747157,317.5,317,316.5,316,315.5,318.5,319.5,320,320.5,321
1682989485153747157,317.5,317,316.5,316,315.5,318.5,319.5,320,320.5,321
1682989485166056035,317.5,317,316.5,316,315.5,318.5,319.5,320,320.5,321
1682989485188511693,317.5,317,316.5,316,315.5,318.5,319.5,320,320.5,321
1682989485704744476,317.5,317,316.5,316,315.5,318.5,319.5,320,320.5,321
1682989486424730272,317.5,317,316.5,316,315.5,318.5,319.5,320,320.5,321
1682989486645755083,317.5,317,316.5,316,315.5,318.5,319.5,320,320.5,321
1682989487950798123,0,0,0,0,0,0,0,0,0,0
1682989487950798123,317.5,317,316.5,316,315.5,319.5,320,320.5,321,321.5
1682989487980970428,317.5,317,316.5,316,315.5,319.5,320,320.5,321,321.5
1682989487980985637,317.5,317,316.5,316,315.5,319.5,320,320.5,321,321.5
1682989488015803273,317.5,317,316.5,316,315.5,319.5,320,320.5,321,321.5
1682989488026453107,317.5,317,316.5,316,315.5,319.5,320,320.5,321,321.5
1682989488291366684,317.5,317,316.5,316,315.5,319.5,320,320.5,321,321.5
1682989488397552917,318,317.5,317,316.5,316,319.5,320,320.5,321,321.5
1682989488428010047,318,317.5,317,316.5,316,319.5,320,320.5,321,321.5
1682989488428082473,318,317.5,317,316.5,316,319.5,320,320.5,321,321.5
1682989488458342634,318,317.5,317,316.5,316,319.5,320,320.5,321,321.5
1682989488806569212,318,317.5,317,316.5,316,319.5,320,320.5,321,321.5
1682989489397118295,318,317.5,317,316.5,316,319.5,320,320.5,321,321.5
1682989489487211085,318,317.5,317,316.5,316,319.5,320,320.5,321,321.5
1682989489964450251,318,317.5,317,316.5,316,319.5,320,320.5,321,321.5
1682989490431449242,318,317.5,317,316.5,316,319.5,320,320.5,321,321.5
1682989490834788398,318,317.5,317,316.5,316,319.5,320,320.5,321,321.5
1682989491885603362,318,317.5,317,316.5,316,319.5,320,320.5,321,321.5
1682989491988493868,318,317.5,317,316.5,316,319.5,320,320.5,321,321.5
1682989492274751647,318,317.5,317,316.5,316,319.5,320,320.5,321,321.5
1682989494168083777,318,317.5,317,316.5,316,318.5,319.5,320,320.5,321
1682989494188359883,318,317.5,317,316.5,316,318.5,319.5,320,320.5,321
1682989494646291411,318,317.5,317,316.5,316,318.5,319.5,320,320.5,321
1682989494708598806,318,317.5,317,316.5,316,318.5,319.5,320,320.5,321
1682989494786591810,318,317.5,317,316.5,316,318.5,319.5,320,320.5,321
1682989495273972295,318,317.5,317,316.5,316,318.5,319.5,320,320.5,321
1682989495467356073,318,317.5,317,316.5,316,318.5,319.5,320,320.5,321
1682989495752483599,318,317.5,317,316.5,316,318.5,319.5,320,320.5,321
1682989495787180379,318,317.5,317,316.5,316,318.5,319.5,320,320.5,321
1682989495820910734,318,317.5,317,316.5,316,318.5,319.5,320,320.5,321
1682989496123955198,318,317.5,317,316.5,316,318.5,319.5,320,320.5,321
1682989496498390100,318,317.5,317,316.5,316,318.5,319.5,320,320.5,321
1682989496725177720,318,317.5,317,316.5,316,318.5,319.5,320,320.5,321
1682989497241219704,318,317.5,317,316.5,316,318.5,319.5,320,320.5,321
1682989497422583425,317.5,317,316.5,316,315.5,318,318.5,319.5,320,320.5
1682989497458214428,317.5,317,316.5,316,315.5,318,318.5,319.5,320,320.5
1682989497466974845,317.5,317,316.5,316,315.5,318,318.5,319.5,320,320.5
1682989497467253989,317.5,317,316.5,316,315.5,318,318.5,319.5,320,320.5
1682989497490989761,317.5,317,316.5,316,315.5,318,318.5,319.5,320,320.5
1682989497491023995,317.5,317,316.5,316,315.5,318,318.5,319,319.5,320
1682989497524022296,317.5,317,316.5,316,315.5,318,318.5,319,319.5,320
1682989497524022296,317.5,317,316.5,316,315.5,318,318.5,319,319.5,320
1682989498750618510,317.5,317,316.5,316,315.5,318,318.5,319,319.5,320
1682989498804740388,317.5,317,316.5,316,315.5,318,318.5,319,319.5,320
1682989499133519156,317.5,317,316.5,316,315.5,318,318.5,319,319.5,320
1682989499216791160,317.5,317,316.5,316,315.5,318,318.5,319,319.5,320
1682989499249410078,317.5,317,316.5,316,315.5,318,318.5,319,319.5,320
1682989499929250136,317.5,317,316.5,316,315.5,318,318.5,319,319.5,320
1682989499963468488,317.5,317,316.5,316,315.5,318,318.5,319,319.5,320
1682989499996269889,317.5,317,316.5,316,315.5,318.5,319,319.5,320,320.5
1682989500042212070,317.5,317,316.5,316,315.5,318.5,319,319.5,320,320.5
1682989500075748832,317.5,317,316.5,316,315.5,318.5,319,319.5,320,320.5
1682989500346887526,317.5,317,316.5,316,315.5,318.5,319,319.5,320,320.5
1682989500437098197,317.5,317,316.5,316,315.5,318.5,319,319.5,320,320.5
1682989500472111251,317.5,317,316.5,316,315.5,318.5,319,319.5,320,320.5
1682989500504801112,317.5,317,316.5,316,315.5,318.5,319,319.5,320,320.5
1682989501020764469,317.5,317,316.5,316,315.5,318.5,319,319.5,320,320.5
1682989501540658535,318,317.5,317,316.5,316,318.5,319,319.5,320,320.5
1682989501573658409,318,317.5,317,316.5,316,318.5,319,319.5,320,320.5
1682989501607411206,318,317.5,317,316.5,316,318.5,319,319.5,320,320.5
1682989501976244021,318,317.5,317,316.5,316,318.5,319,319.5,320,320.5
1682989503466201929,318,317.5,317,316.5,316,318.5,319,319.5,320,320.5
1682989503499665022,318,317.5,317,316.5,316,318.5,319,319.5,320,320.5
1682989503678954399,318,317.5,317,316.5,316,318.5,319,319.5,320,320.5
1682989505434828567,318,317.5,317,316.5,316,318.5,319,319.5,320,320.5
1682989505559185094,318,317.5,317,316.5,316,318.5,319,319.5,320,320.5
1682989505709696122,318,317.5,317,316.5,316,318.5,319,319.5,320,320.5
1682989506623688105,318,317.5,317,316.5,316,318.5,319,319.5,320,320.5
1682989507485275745,318,317.5,317,316.5,316,318.5,319,319.5,320,320.5
1682989508237861004,318,317.5,317,316.5,316,318.5,319,319.5,320,320.5
1682989508446918177,318,317.5,317,316.5,316,318.5,319,319.5,320,320.5
1682989509232659023,318,317.5,317,316.5,316,318.5,319,319.5,320,320.5
1682989509354091640,318,317.5,317,316.5,316,318.5,319,319.5,320,320.5
1682989509516141892,318,317.5,317,316.5,316,318.5,319,319.5,320,320.5
1682989509604165487,318,317.5,317,316.5,316,318.5,319,319.5,320,320.5
1682989509982336924,318,317.5,317,316.5,316,318.5,319,319.5,320,320.5
1682989510935169747,318,317.5,317,316.5,316,318.5,319,319.5,320,320.5
1682989511336594740,318,317.5,317,316.5,316,318.5,319,319.5,320,320.5
1682989511336734853,318,317.5,317,316.5,316,318.5,319,319.5,320,320.5
1682989511666009942,318,317.5,317,316.5,316,318.5,319,319.5,320,320.5
1682989511698041578,318,317.5,317,316.5,316,318.5,319,319.5,320,320.5
1682989511765992839,318,317.5,317,316.5,316,318.5,319,319.5,320,320.5
1682989511860054480,318,317.5,317,316.5,316,318.5,319,319.5,320,320.5
1682989511897201239,318,317.5,317,316.5,316,318.5,319,319.5,320,320.5
1682989512076121914,318,317.5,317,316.5,316,318.5,319,319.5,320,320.5
1682989512101531438,318,317.5,317,316.5,316,318.5,319,319.5,320,320.5
1682989516187457874,318,317.5,317,316.5,316,318.5,319,319.5,320,320.5
1682989518306117364,318,317.5,317,316.5,316,318.5,319,319.5,320,320.5
1682989518339002943,318,317.5,317,316.5,316,318.5,319,319.5,320,320.5
1682989518733107923,318,317.5,317,316.5,316,318.5,319,319.5,320,320.5
1682989520067740906,318,317.5,317,316.5,316,318.5,319,319.5,320,320.5
1682989520795330108,318,317.5,317,316.5,316,318.5,319,319.5,320,320.5
1682989520826830226,318,317.5,317,316.5,316,318.5,319,319.5,320,320.5
1682989522925417333,318,317.5,317,316.5,316,318.5,319,319.5,320,320.5
1682989524969425974,0,0,0,0,0,0,0,0,0,0
1682989524969548564,317.5,317,316.5,316,315.5,318.5,319,319.5,320,320.5
1682989524989618203,317.5,317,316.5,316,315.5,318.5,319,319.5,320,320.5
1682989524989618203,317.5,317,316.5,316,315.5,318.5,319,319.5,320,320.5
1682989525012238680,317.5,317,316.5,316,315.5,318.5,319,319.5,320,320.5
1682989525059305583,317.5,317,316.5,316,315.5,318.5,319,319.5,320,320.5
1682989525089169029,317.5,317,316.5,316,315.5,318.5,319,319.5,320,320.5
1682989525089169029,317.5,317,316.5,316,315.5,318.5,319,319.5,320,320.5
1682989525109550192,317.5,317,316.5,316,315.5,318.5,319,319.5,320,320.5
1682989525119816106,317.5,317,316.5,316,315.5,318,318.5,319,319.5,320
1682989525119816106,317.5,317,316.5,316,315.5,318,318.5,319,319.5,320
1682989525140290254,317.5,317,316.5,316,315.5,318.5,319,319.5,320,320.5
1682989525140290254,317.5,317,316.5,316,315.5,318.5,319,319.5,320,320.5
1682989525150437234,317.5,317,316.5,316,315.5,318.5,319,319.5,320,320.5
1682989525877549551,317.5,317,316.5,316,315.5,318.5,319,319.5,320,320.5
1682989525901445062,317.5,317,316.5,316,315.5,318.5,319,319.5,320,320.5
1682989525901445062,317.5,317,316.5,316,315.5,318.5,319,319.5,320,320.5
1682989526889316867,317.5,317,316.5,316,315.5,318,318.5,319,319.5,320
1682989526912261934,317.5,317,316.5,316,315.5,318,318.5,319,319.5,320
1682989526934972240,317.5,317,316.5,316,315.5,318,318.5,319,319.5,320
1682989527972674798,317.5,317,316.5,316,315.5,318,318.5,319,319.5,320
1682989533092693155,317.5,317,316.5,316,315.5,318.5,319,319.5,320,320.5
1682989533113455283,317.5,317,316.5,316,315.5,318.5,319,319.5,320,320.5
1682989533113455283,317.5,317,316.5,316,315.5,318.5,319,319.5,320,320.5
1682989533835193421,317.5,317,316.5,316,315.5,318.5,319,319.5,320,320.5
1682989533857806124,317.5,317,316.5,316,315.5,318.5,319,319.5,320,320.5
1682989533857861999,317.5,317,316.5,316,315.5,318.5,319,319.5,320,320.5
1682989535769195667,317.5,317,316.5,316,315.5,318.5,319,319.5,320,320.5
1682989537820529862,317.5,317,316.5,316,315.5,318.5,319,319.5,320,320.5
1682989539076054749,317.5,317,316.5,316,315.5,318.5,319,319.5,320,320.5
1682989540661237834,317.5,317,316.5,316,315.5,318.5,319,319.5,320,320.5
1682989543704638129,317.5,317,316.5,316,315.5,318.5,319,319.5,320,320.5
1682989544300667933,317.5,317,316.5,316,315.5,318.5,319,319.5,320,320.5
1682989544848443644,318,317.5,317,316.5,316,318.5,319,319.5,320,320.5
1682989544868889659,318,317.5,317,316.5,316,318.5,319,319.5,320,320.5
1682989544889298535,318,317.5,317,316.5,316,318.5,319,319.5,320,320.5
1682989545611207914,318,317.5,317,316.5,316,318.5,319,319.5,320,320.5
1682989545632345448,318,317.5,317,316.5,316,318.5,319,319.5,320,320.5
1682989545643973578,318,317.5,317,316.5,316,318.5,319,319.5,320,320.5
1682989545666535927,318,317.5,317,316.5,316,318.5,319,319.5,320,320.5
1682989548038113536,318,317.5,317,316.5,316,318.5,319,319.5,320,320.5
1682989548347380322,318,317.5,317,316.5,316,318.5,319,319.5,320,320.5
1682989550958910767,317.5,317,316.5,316,315.5,318.5,319,319.5,320,320.5
1682989550991811485,317.5,317,316.5,316,315.5,318.5,319,319.5,320,320.5
1682989551024366744,317.5,317,316.5,316,315.5,318.5,319,319.5,320,320.5
1682989551434387445,317.5,317,316.5,316,315.5,318.5,319,319.5,320,320.5
1682989555236101136,317.5,317,316.5,316,315.5,318,318.5,319,319.5,320
1682989557782748340,317.5,317,316.5,316,315.5,318,318.5,319,319.5,320
1682989558324334882,317.5,317,316.5,316,315.5,318,318.5,319,319.5,320
1682989558344868262,317.5,317,316.5,316,315.5,318,318.5,319,319.5,320
1682989558781047873,317.5,317,316.5,316,315.5,318,318.5,319,319.5,320
1682989561385797890,317.5,317,316.5,316,315.5,318,318.5,319,319.5,320
1682989561420134133,317.5,317,316.5,316,315.5,318,318.5,319,319.5,320
1682989562573060472,317.5,317,316.5,316,315.5,318,318.5,319,319.5,320
1682989562595594457,317.5,317,316.5,316,315.5,318,318.5,319,319.5,320
1682989562595594457,317.5,317,316.5,316,315.5,318,318.5,319,319.5,320
1682989562801317761,317.5,317,316.5,316,315.5,318,318.5,319,319.5,320
1682989562823804367,317.5,317,316.5,316,315.5,318,318.5,319,319.5,320
1682989566352690013,317.5,317,316.5,316,315.5,318,318.5,319,319.5,320
1682989570920049094,317.5,317,316.5,316,315.5,318,318.5,319,319.5,320
1682989570943496184,317.5,317,316.5,316,315.5,318,318.5,319,319.5,320
1682989571862122299,317.5,317,316.5,316,315.5,318,318.5,319,319.5,320
1682989572343218106,317.5,317,316.5,316,315.5,318,318.5,319,319.5,320
1682989572602124897,317.5,317,316.5,316,315.5,318,318.5,319,319.5,320
1682989575923119249,317.5,317,316.5,316,315.5,318,318.5,319,319.5,320
1682989575953869039,317.5,317,316.5,316,315.5,318,318.5,319,319.5,320
1682989576133881754,317.5,317,316.5,316,315.5,318,318.5,319,319.5,320
1682989576421685906,317.5,317,316.5,316,315.5,318,318.5,319,319.5,320
1682989579927178355,317.5,317,316.5,316,315.5,318,318.5,319,319.5,320
1682989582417281525,317.5,317,316.5,316,315.5,318,318.5,319,319.5,320
1682989582451198811,317.5,317,316.5,316,315.5,318,318.5,319,319.5,320
1682989584690988525,317.5,317,316.5,316,315.5,318,318.5,319,319.5,320
1682989585285204964,317.5,317,316.5,316,315.5,318,318.5,319,319.5,320
1682989585528304729,317.5,317,316.5,316,315.5,318,318.5,319,319.5,320
1682989585551147564,317.5,317,316.5,316,315.5,318,318.5,319,319.5,320
1682989585551147564,317.5,317,316.5,316,315.5,318,318.5,319,319.5,320
1682989585583485094,317.5,317,316.5,316,315.5,318,318.5,319,319.5,320
1682989585583584421,317.5,317,316.5,316,315.5,318,318.5,319,319.5,320
1682989585615247064,317.5,317,316.5,316,315.5,318,318.5,319,319.5,320
1682989585615272362,317.5,317,316.5,316,315.5,318,318.5,319,319.5,320
1682989585647959959,317.5,317,316.5,316,315.5,318,318.5,319,319.5,320
1682989587790271718,317.5,317,316.5,316,315.5,318,318.5,319,319.5,320
1682989587810704188,317.5,317,316.5,316,315.5,318,318.5,319,319.5,320
1682989587810720218,317.5,317,316.5,316,315.5,318,318.5,319,319.5,320
1682989588145922045,317.5,317,316.5,316,315.5,318,318.5,319,319.5,320
1682989589456759196,317.5,317,316.5,316,315.5,318,318.5,319,319.5,320
1682989589659110760,317.5,317,316.5,316,315.5,318,318.5,319,319.5,320
1682989589671464373,317.5,317,316.5,316,315.5,318,318.5,319,319.5,320
1682989590014873908,317.5,317,316.5,316,315.5,318,318.5,319,319.5,320
1682989590191796272,317.5,317,316.5,316,315.5,318,318.5,319,319.5,320
1682989590378508044,317.5,317,316.5,316,315.5,318,318.5,319,319.5,320
1682989592352226647,317.5,317,316.5,316,315.5,318,318.5,319,319.5,320
1682989592406517993,317.5,317,316.5,316,315.5,318,318.5,319,319.5,320
1682989594083144586,317.5,317,316.5,316,315.5,318,318.5,319,319.5,320
1682989595903418663,317.5,317,316.5,316,315.5,318,318.5,319,319.5,320
1682989599169627112,317.5,317,316.5,316,315.5,318,318.5,319,319.5,320
1682989600932752448,317.5,317,316.5,316,315.5,318,318.5,319,319.5,320
1682989601134044824,317.5,317,316.5,316,315.5,318,318.5,319,319.5,320
1682989601898131137,317.5,317,316.5,316,315.5,318,318.5,319,319.5,320
1682989601940274677,317.5,317,316.5,316,315.5,318,318.5,319,319.5,320
1682989601940274677,317.5,317,316.5,316,315.5,318,318.5,319,319.5,320
1682989601973814114,317.5,317,316.5,316,315.5,318,318.5,319,319.5,320
1682989601973828832,317.5,317,316.5,316,315.5,318,318.5,319,319.5,320
1682989602093609858,317.5,317,316.5,316,315.5,318,318.5,319,319.5,320
1682989603810929529,317.5,317,316.5,316,315.5,318,318.5,319,319.5,320
1682989604441678745,317.5,317,316.5,316,315.5,318,318.5,319,319.5,320
1682989604546199823,317.5,317,316.5,316,315.5,318,318.5,319,319.5,320
1682989605048048342,317,316.5,316,315.5,315,317.5,318,318.5,319,319.5
1682989605070704276,317,316.5,316,315.5,315,317.5,318,318.5,319,319.5
1682989605070704276,317,316.5,316,315.5,315,317.5,318,318.5,319,319.5
1682989605082671664,317,316.5,316,315.5,315,317.5,318,318.5,319,319.5
1682989605091027531,317,316.5,316,315.5,315,317.5,318,318.5,319,319.5
1682989605121571474,317,316.5,316,315.5,315,317.5,318,318.5,319,319.5
1682989605121611699,317,316.5,316,315.5,315,317.5,318,318.5,319,319.5
1682989605142113479,317,316.5,316,315.5,315,317.5,318,318.5,319,319.5
1682989605162602125,317,316.5,316,315.5,315,317.5,318,318.5,319,319.5
1682989606168426587,317,316.5,316,315.5,315,317.5,318,318.5,319,319.5
1682989606586049320,317,316.5,316,315.5,315,317.5,318,318.5,319,319.5
1682989609489069702,317,316.5,316,315.5,315,317.5,318,318.5,319,319.5
1682989610995361310,317,316.5,316,315.5,315,317.5,318,318.5,319,319.5
1682989611029579291,317,316.5,316,315.5,315,317.5,318,318.5,319,319.5
1682989611744945647,317,316.5,316,315.5,315,317.5,318,318.5,319,319.5
1682989613767398154,317,316.5,316,315.5,315,317.5,318,318.5,319,319.5
1682989613804377809,317,316.5,316,315.5,315,317.5,318,318.5,319,319.5
1682989615713007045,317,316.5,316,315.5,315,317.5,318,318.5,319,319.5
1682989616364355424,317,316.5,316,315.5,315,317.5,318,318.5,319,319.5
1682989616852751618,317,316.5,316,315.5,315,317.5,318,318.5,319,319.5
1682989617450250611,317,316.5,316,315.5,315,317.5,318,318.5,319,319.5
1682989617486093202,317,316.5,316,315.5,315,317.5,318,318.5,319,319.5
1682989617486093202,317,316.5,316,315.5,315,317.5,318,318.5,319,319.5
1682989617516291286,317,316.5,316,315.5,315,317.5,318,318.5,319,319.5
1682989617516434655,317,316.5,316,315.5,315,317.5,318,318.5,319,319.5
1682989617549238110,317,316.5,316,315.5,315,317.5,318,318.5,319,319.5
1682989618034587494,317,316.5,316,315.5,315,317.5,318,318.5,319,319.5
1682989619365011859,317,316.5,316,315.5,315,317.5,318,318.5,319,319.5
1682989619765050260,317,316.5,316,315.5,315,317.5,318,318.5,319,319.5
1682989619820270550,317,316.5,316,315.5,315,317.5,318,318.5,319,319.5
1682989620825603580,317,316.5,316,315.5,315,317.5,318,318.5,319,319.5
1682989621418863174,317,316.5,316,315.5,315,317.5,318,318.5,319,319.5
1682989622695913595,317,316.5,316,315.5,315,317.5,318,318.5,319,319.5
1682989622718410411,317,316.5,316,315.5,315,317.5,318,318.5,319,319.5
1682989622729183877,317,316.5,316,315.5,315,317.5,318,318.5,319,319.5
1682989622751131331,317,316.5,316,315.5,315,317.5,318,318.5,319,319.5
1682989622763482970,317,316.5,316,315.5,315,317.5,318,318.5,319,319.5
1682989622786139124,317,316.5,316,315.5,315,317.5,318,318.5,319,319.5
1682989623199562073,317,316.5,316,315.5,315,317.5,318,318.5,319,319.5
1682989623234337190,317,316.5,316,315.5,315,317.5,318,318.5,319,319.5
1682989624406787475,317,316.5,316,315.5,315,317.5,318,318.5,319,319.5
1682989625822084400,317,316.5,316,315.5,315,317.5,318,318.5,319,319.5
1682989625856954025,317,316.5,316,315.5,315,317.5,318,318.5,319,319.5
1682989626278858066,317,316.5,316,315.5,315,317.5,318,318.5,319,319.5
1682989626311606738,317,316.5,316,315.5,315,317.5,318,318.5,319,319.5
1682989636630386572,317,316.5,316,315.5,315,317.5,318,318.5,319,319.5
1682989636652918173,317,316.5,316,315.5,315,317.5,318,318.5,319,319.5
1682989637269442083,317,316.5,316,315.5,315,317.5,318,318.5,319,319.5
1682989637292089501,317,316.5,316,315.5,315,317.5,318,318.5,319,319.5
1682989638894745044,317,316.5,316,315.5,315,317.5,318,318.5,319,319.5
1682989639107504808,317,316.5,316,315.5,315,317.5,318,318.5,319,319.5
1682989640374265372,317,316.5,316,315.5,315,317.5,318,318.5,319,319.5
1682989640971238979,317,316.5,316,315.5,315,317.5,318,318.5,319,319.5
1682989643155391332,317,316.5,316,315.5,315,317.5,318,318.5,319,319.5
1682989643901946764,317,316.5,316,315.5,315,317.5,318,318.5,319,319.5
1682989644940267215,317,316.5,316,315.5,315,317.5,318,318.5,319,319.5
1682989649353916361,317,316.5,316,315.5,315,317.5,318,318.5,319,319.5
1682989654273238859,317,316.5,316,315.5,315,317.5,318,318.5,319,319.5
1682989655816244114,317,316.5,316,315.5,315,317.5,318,318.5,319,319.5
1682989655835005196,317,316.5,316,315.5,315,317.5,318,318.5,319,319.5
1682989656596625992,317,316.5,316,315.5,315,317.5,318,318.5,319,319.5
1682989656773056021,317,316.5,316,315.5,315,317.5,318,318.5,319,319.5
1682989659148137235,317,316.5,316,315.5,315,317.5,318,318.5,319,319.5
1682989659178243546,317,316.5,316,315.5,315,317.5,318,318.5,319,319.5
1682989660670092672,317,316.5,316,315.5,315,317.5,318,318.5,319,319.5
1682989660700901442,317,316.5,316,315.5,315,317.5,318,318.5,319,319.5
1682989661194451763,317,316.5,316,315.5,315,317.5,318,318.5,319,319.5
1682989661525261244,317,316.5,316,315.5,315,317.5,318,318.5,319,319.5
1682989661619430016,317,316.5,316,315.5,315,317.5,318,318.5,319,319.5
1682989664531676173,317,316.5,316,315.5,315,317.5,318,318.5,319,319.5
1682989664564828884,317,316.5,316,315.5,315,317.5,318,318.5,319,319.5
1682989664940273463,317,316.5,316,315.5,315,317.5,318,318.5,319,319.5
1682989671316854548,317,316.5,316,315.5,315,317.5,318,318.5,319,319.5
1682989675010985945,317,316.5,316,315.5,315,317.5,318,318.5,319,319.5
1682989676779878973,317,316.5,316,315.5,315,317.5,318,318.5,319,319.5
1682989677469056675,317,316.5,316,315.5,315,317.5,318,318.5,319,319.5
1682989677469056675,317,316.5,316,315.5,315,317.5,318,318.5,319,319.5
1682989677491537951,317,316.5,316,315.5,315,317.5,318,318.5,319,319.5
1682989679239288226,317,316.5,316,315.5,315,317.5,318,318.5,319,319.5
1682989680737895179,317,316.5,316,315.5,315,317.5,318,318.5,319,319.5
1682989680772894136,317,316.5,316,315.5,315,317.5,318,318.5,319,319.5
1682989680772894136,317,316.5,316,315.5,315,317.5,318,318.5,319,319.5
1682989680783207057,317,316.5,316,315.5,315,317.5,318,318.5,319,319.5
1682989680783404588,317,316.5,316,315.5,315,317.5,318,318.5,319,319.5
1682989680783404588,317,316.5,316,315.5,315,317.5,318,318.5,319,319.5
1682989680783428733,317,316.5,316,315.5,315,317.5,318,318.5,319,319.5
1682989680795029523,317,316.5,316,315.5,315,317.5,318,318.5,319,319.5
1682989680795137175,317,316.5,316,315.5,315,317.5,318,318.5,319,319.5
1682989680795137175,317,316.5,316,315.5,315,317.5,318,318.5,319,319.5
1682989680795247271,317,316.5,316,315.5,315,317.5,318,318.5,319,319.5
1682989680795272449,317,316.5,316,315.5,315,317.5,318,318.5,319,319.5
1682989680795272449,317,316.5,316,315.5,315,317.5,318,318.5,319,319.5
1682989680805378001,317,316.5,316,315.5,315,317.5,318,318.5,319,319.5
1682989680805378001,317,316.5,316,315.5,315,317.5,318,318.5,319,319.5
1682989680805520228,316.5,316,315.5,315,314.5,317.5,318,318.5,319,319.5
1682989680805660962,316.5,316,315.5,315,314.5,317.5,318,318.5,319,319.5
1682989680805660962,316.5,316,315.5,315,314.5,317.5,318,318.5,319,319.5
1682989680817531748,316.5,316,315.5,315,314.5,317.5,318,318.5,319,319.5
1682989680817651663,316.5,316,315.5,315,314.5,317.5,318,318.5,319,319.5
1682989680817831271,316.5,316,315.5,315,314.5,317.5,318,318.5,319,319.5
1682989680828401195,316.5,316,315.5,315,314.5,318,318.5,319,319.5,320
1682989680828661814,316.5,316,315.5,315,314.5,318,318.5,319,319.5,320
1682989680844715233,316.5,316,315.5,315,314.5,317,318,318.5,319,319.5
1682989680844715233,316.5,316,315.5,315,314.5,317,318,318.5,319,319.5
