Timestamp,BidPrice0,BidPrice1,BidPrice2,BidPrice3,BidPrice4,AskPrice0,AskPrice1,AskPrice2,AskPrice3,AskPrice4
1684362605183764860,0,0,0,0,0,0,0,0,0,0
1684369825346195522,320,318,317.5,316,315,325.5,326.5,328,329,329.5
1684369830361786662,320,318,317.5,316,315,325.5,326.5,328,329,329.5
1684369835379476202,322,320,318,317.5,317,325.5,326.5,328,328.5,329
1684369840384806125,322,320,318,317.5,317,325.5,326.5,327,328,328.5
1684369850418021192,322,320,318,317.5,317,325.5,326.5,327,328,328.5
1684369860455339844,322,320,318,317.5,317,325.5,326,326.5,327,328
1684369865466918400,321,320,318,317.5,317,323.5,325.5,326,326.5,327
1684369875500208618,321,320,318,317.5,317,323.5,325.5,326,326.5,327
1684369880530146205,321,320,318,317.5,317,323.5,325.5,326,326.5,327
1684369885537480282,322,321,320,318,317.5,323.5,325,325.5,326,326.5
1684369900575353653,322,321,320,318,317.5,323.5,325,325.5,326,326.5
1684369905592784077,322,321,320,318,317.5,323.5,325,325.5,326,326.5
1684369910606332312,322,321,320,318,317.5,323.5,325,325.5,326,326.5
1684369920645929012,322,321,320,318,317.5,323.5,325,325.5,326,326.5
1684369925657210861,322,321,320,318,317.5,323.5,325,325.5,326,326.5
1684369945729856409,322,321,320,318,317.5,323.5,325,325.5,326,326.5
1684369965779883879,322,321,320,318,317.5,323.5,324.5,325,325.5,326
1684369995867400955,322,321,320,318,317.5,323.5,324.5,325,325.5,326
1684370000887171514,322,321,320,318,317.5,323.5,324.5,325,325.5,326
1684370015929880748,322,321,320,318,317.5,323.5,324.5,325,325.5,326
1684370030986838336,322,321,320,319,318,323.5,324.5,325,325.5,326
1684370186474782970,322,321,320,319,318,323.5,324.5,325,325.5,326
1684370211560973339,322,321,320,319,318,323.5,324.5,325,325.5,326
1684370226605812338,322,321,320,319,318,323.5,324.5,325,325.5,326
1684370311864978153,322,321,320,319,318,323.5,324.5,325,325.5,326
1684370321892104336,322,321,320,319,318,323.5,324.5,325,325.5,326
1684370362035411528,322,321,320,319,318,323.5,324.5,325,325.5,326
1684370397335109831,322,321,320,319,318,323.5,324.5,325,325.5,326
1684370418001735765,322,321,320,319,318,324.5,325,325.5,326,326.5
1684370428057542401,322,321,320,319,318,324.5,325,325.5,326,326.5
1684370448107590699,322,321,320,319,318,323.5,324.5,325,325.5,326
1684370533377051559,322,321,320,319,318,323.5,324.5,325,325.5,326
1684370543406251139,322,321,320,319,318,323.5,324.5,325,325.5,326
1684370628679724757,322,321,320.5,320,319,323.5,324.5,325,325.5,326
1684370633689199601,322,321,320.5,320,319,323.5,324.5,325,325.5,326
1684370658769300677,322,321,320.5,320,319,323.5,324.5,325,325.5,326
1684370723976343554,322,321,320.5,320,319,323.5,324.5,325,325.5,326
1684370804234019842,322,321,320.5,320,319,323.5,324.5,325,325.5,326
1684370874434101979,322,321,320.5,320,319,323.5,324.5,325,325.5,326
1684370889493274906,322,321,320.5,320,319.5,323.5,324.5,325,325.5,326
1684370909547433448,322.5,322,321,320.5,320,323.5,324.5,325,325.5,326
1684370949684561415,322,321,320.5,320,319.5,323.5,324.5,325,325.5,326
1684370979776244902,322,321,320.5,320,319.5,323.5,324.5,325,325.5,326
1684370989801361761,322,321,320.5,320,319.5,323.5,324.5,325,325.5,326
1684371010672735787,322,321,320.5,320,319.5,323.5,324.5,325,325.5,326
1684371015889055159,322,321,320.5,320,319.5,323.5,324.5,325,325.5,326
1684371056010874181,322.5,322,321,320.5,320,323.5,324.5,325,325.5,326
1684371066034113401,322.5,322,321,320.5,320,323.5,324.5,325,325.5,326
1684371086120760443,322.5,322,321,320.5,320,323.5,324.5,325,325.5,326
1684371151315501820,322.5,322,321,320.5,320,323.5,324.5,325,325.5,326
1684371161348768756,322.5,322,321,320.5,320,323.5,324.5,325,325.5,326
1684371211523090204,322.5,322,321,320.5,320,323.5,324.5,325,325.5,326
1684371226565970084,322.5,322,321,320.5,320,323.5,324.5,325,325.5,326
1684371281743829715,322.5,322,321,320.5,320,323.5,324.5,325,325.5,326
1684371301806237964,322.5,322,321,320.5,320,323.5,324.5,325,325.5,326
1684371321872742827,322.5,322,321,320.5,320,324.5,325,325.5,326,326.5
1684371326894533855,325,322.5,322,321,320.5,325.5,326,326.5,327,327.5
1684371341925010522,322.5,322,321,320.5,320,325.5,326,326.5,327,327.5
1684371351970515862,322.5,322,321,320.5,320,325.5,326,326.5,327,327.5
1684371356990196379,322.5,322,321,320.5,320,325,325.5,326,326.5,327
1684371367035719184,323.5,322.5,322,321,320.5,324.5,325,325.5,326,326.5
1684371382068183678,323.5,322.5,322,321,320.5,324.5,325,325.5,326,326.5
1684371387087876229,323.5,322.5,322,321,320.5,324.5,325,325.5,326,326.5
1684371392089146200,323.5,322.5,322,321,320.5,324.5,325,325.5,326,326.5
1684371402138868191,323.5,322.5,322,321,320.5,324.5,325,325.5,326,326.5
1684371417183611324,323.5,322.5,322,321.5,321,324.5,325,325.5,326,326.5
1684371437248099108,325,323.5,322.5,322,321.5,325.5,326,326.5,327,327.5
1684371442265756541,325,323.5,322.5,322,321.5,325.5,326,326.5,327,327.5
1684371452288737868,325,323.5,322.5,322,321.5,325.5,326,326.5,327,327.5
1684371457294106609,325,323.5,322.5,322,321.5,325.5,326,326.5,327,327.5
1684371467345786852,325,323.5,322.5,322,321.5,325.5,326,326.5,327,327.5
1684371472357350824,325,323.5,323,322.5,322,325.5,326,326.5,327,327.5
1684371482398778869,325,323.5,323,322.5,322,325.5,326,326.5,327,327.5
1684371497439467168,325,323.5,323,322.5,322,325.5,326,326.5,327,327.5
1684371517505987942,325,323.5,323,322.5,322,325.5,326,326.5,327,327.5
1684371527541249032,325,323.5,323,322.5,322,325.5,326,326.5,327,327.5
1684371542583996412,325,323.5,323,322.5,322,325.5,326,326.5,327,327.5
1684371552609085545,325,323.5,323,322.5,322,325.5,326,326.5,327,327.5
1684371557628775919,325,323.5,323,322.5,322,325.5,326,326.5,327,327.5
1684371562646410453,325,323.5,323,322.5,322,325.5,326,326.5,327,327.5
1684371567668171184,325,323.5,323,322.5,322,325.5,326,326.5,327,327.5
1684371572677611623,325,323.5,323,322.5,322,325.5,326,326.5,327,327.5
1684371577687122706,325,323.5,323,322.5,322,325.5,326,326.5,327,327.5
1684371582700644478,325,323.5,323,322.5,322,325.5,326,326.5,327,327.5
1684371587724414673,325,323.5,323,322.5,322,325.5,326,326.5,327,327.5
1684371592760518606,325,324,323.5,323,322.5,325.5,326,326.5,327,327.5
1684371597966823300,325,324,323.5,323,322.5,325.5,326,326.5,327,327.5
1684371605194018647,325,324,323.5,323,322.5,325.5,326,326.5,327,327.5
1684371605219066365,324,323.5,323,322.5,322,325.5,326,326.5,327,327.5
1684371605458951544,324,323.5,323,322.5,322,325.5,326,326.5,327,327.5
1684371605458951544,324,323.5,323,322.5,322,325.5,326,326.5,327,327.5
1684371605518694104,324,323.5,323,322.5,322,325.5,326,326.5,327,327.5
1684371606259235504,324,323.5,323,322.5,322,325.5,326,326.5,327,327.5
1684371608356115481,324,323.5,323,322.5,322,325.5,326,326.5,327,327.5
1684371612186290972,324.5,324,323.5,323,322.5,325.5,326,326.5,327,327.5
1684371612212977577,324.5,324,323.5,323,322.5,325.5,326,326.5,327,327.5
1684371612212977577,324.5,324,323.5,323,322.5,325.5,326,326.5,327,327.5
1684371612243901309,324,323.5,323,322.5,322,325.5,326,326.5,327,327.5
1684371613234757961,324,323.5,323,322.5,322,325.5,326,326.5,327,327.5
1684371616157128384,324,323.5,323,322.5,322,325.5,326,326.5,327,327.5
1684371616622041266,324.5,324,323.5,323,322.5,325.5,326,326.5,327,327.5
1684371616654215925,324.5,324,323.5,323,322.5,325.5,326,326.5,327,327.5
1684371616687912503,324,323.5,323,322.5,322,325.5,326,326.5,327,327.5
1684371616687912503,324,323.5,323,322.5,322,324.5,325.5,326,326.5,327
1684371619439135868,324,323.5,323,322.5,322,324.5,325.5,326,326.5,327
1684371622196757075,324,323.5,323,322.5,322,325.5,326,326.5,327,327.5
1684371624044466489,324.5,324,323.5,323,322.5,325.5,326,326.5,327,327.5
1684371626165531023,324.5,324,323.5,323,322.5,325.5,326,326.5,327,327.5
1684371629725835927,324.5,324,323.5,323,322.5,325.5,326,326.5,327,327.5
1684371631738629536,324.5,324,323.5,323,322.5,325.5,326,326.5,327,327.5
1684371633321257144,324.5,324,323.5,323,322.5,325.5,326,326.5,327,327.5
1684371635866861737,324,323.5,323,322.5,322,325.5,326,326.5,327,327.5
1684371636295575884,324,323.5,323,322.5,322,325.5,326,326.5,327,327.5
1684371636579110487,324,323.5,323,322.5,322,325.5,326,326.5,327,327.5
1684371637470089372,324.5,324,323.5,323,322.5,325.5,326,326.5,327,327.5
1684371637503232150,324.5,324,323.5,323,322.5,325.5,326,326.5,327,327.5
1684371637766855699,324.5,324,323.5,323,322.5,325.5,326,326.5,327,327.5
1684371637822227002,324,323.5,323,322.5,322,325.5,326,326.5,327,327.5
1684371640571622715,324.5,324,323.5,323,322.5,325.5,326,326.5,327,327.5
1684371640605821596,324.5,324,323.5,323,322.5,325.5,326,326.5,327,327.5
1684371640605912076,324.5,324,323.5,323,322.5,325.5,326,326.5,327,327.5
1684371640874489426,324.5,324,323.5,323,322.5,325.5,326,326.5,327,327.5
1684371641728916594,324.5,324,323.5,323,322.5,325.5,326,326.5,327,327.5
1684371643875564192,324.5,324,323.5,323,322.5,325.5,326,326.5,327,327.5
1684371644659532399,324.5,324,323.5,323,322.5,325.5,326,326.5,327,327.5
1684371646622817283,324.5,324,323.5,323,322.5,325.5,326,326.5,327,327.5
1684371647839461605,324.5,324,323.5,323,322.5,325.5,326,326.5,327,327.5
1684371649329561156,324.5,324,323.5,323,322.5,325,325.5,326,326.5,327
1684371649352719377,324.5,324,323.5,323,322.5,325,325.5,326,326.5,327
1684371649381250035,324.5,324,323.5,323,322.5,325,325.5,326,326.5,327
1684371651837317056,324.5,324,323.5,323,322.5,325,325.5,326,326.5,327
1684371652101654516,324.5,324,323.5,323,322.5,325,325.5,326,326.5,327
1684371652857303662,324.5,324,323.5,323,322.5,325,325.5,326,326.5,327
1684371652901074194,324,323.5,323,322.5,322,325,325.5,326,326.5,327
1684371652935669128,324,323.5,323,322.5,322,325,325.5,326,326.5,327
1684371652935669128,324,323.5,323,322.5,322,325,325.5,326,326.5,327
1684371652956106240,324,323.5,323,322.5,322,325,325.5,326,326.5,327
1684371652968578427,324,323.5,323,322.5,322,325,325.5,326,326.5,327
1684371652990999684,324,323.5,323,322.5,322,325,325.5,326,326.5,327
1684371655082647177,324,323.5,323,322.5,322,325,325.5,326,326.5,327
1684371655117567211,324,323.5,323,322.5,322,325,325.5,326,326.5,327
1684371655206363381,323.5,323,322.5,322,321.5,325,325.5,326,326.5,327
1684371655228234456,323.5,323,322.5,322,321.5,325,325.5,326,326.5,327
1684371655241828840,323.5,323,322.5,322,321.5,325,325.5,326,326.5,327
1684371655262909891,323.5,323,322.5,322,321.5,325,325.5,326,326.5,327
1684371655275543812,324,323.5,323,322.5,322,325,325.5,326,326.5,327
1684371655307320344,324,323.5,323,322.5,322,325,325.5,326,326.5,327
1684371655341482385,324,323.5,323,322.5,322,325,325.5,326,326.5,327
1684371655442374346,323.5,323,322.5,322,321.5,325,325.5,326,326.5,327
1684371655476607491,323.5,323,322.5,322,321.5,325,325.5,326,326.5,327
1684371655509062226,323.5,323,322.5,322,321.5,325,325.5,326,326.5,327
1684371655509062226,323.5,323,322.5,322,321.5,325,325.5,326,326.5,327
1684371655637115985,324,323.5,323,322.5,322,325,325.5,326,326.5,327
1684371655668763906,324,323.5,323,322.5,322,325,325.5,326,326.5,327
1684371655702445144,324,323.5,323,322.5,322,325,325.5,326,326.5,327
1684371655781370542,323.5,323,322.5,322,321.5,325,325.5,326,326.5,327
1684371655816579569,323.5,323,322.5,322,321.5,325,325.5,326,326.5,327
1684371655851077310,323.5,323,322.5,322,321.5,325,325.5,326,326.5,327
1684371656140761429,323.5,323,322.5,322,321.5,325,325.5,326,326.5,327
1684371656185747423,324,323.5,323,322.5,322,325,325.5,326,326.5,327
1684371656224987769,324,323.5,323,322.5,322,325,325.5,326,326.5,327
1684371656254646766,324,323.5,323,322.5,322,325,325.5,326,326.5,327
1684371656926172646,324,323.5,323,322.5,322,325,325.5,326,326.5,327
1684371660094597332,324,323.5,323,322.5,322,325,325.5,326,326.5,327
1684371660127173946,324,323.5,323,322.5,322,325,325.5,326,326.5,327
1684371663841322171,324.5,324,323.5,323,322.5,325,325.5,326,326.5,327
1684371663875060516,324.5,324,323.5,323,322.5,325,325.5,326,326.5,327
1684371663875060516,324,323.5,323,322.5,322,325,325.5,326,326.5,327
1684371663875167417,324,323.5,323,322.5,322,325,325.5,326,326.5,327
1684371663875167417,324,323.5,323,322.5,322,324.5,325,325.5,326,326.5
1684371663911243272,324,323.5,323,322.5,322,324.5,325,325.5,326,326.5
1684371663911243272,323.5,323,322.5,322,321.5,324.5,325,325.5,326,326.5
1684371663911297133,323.5,323,322.5,322,321.5,324.5,325,325.5,326,326.5
1684371663946793570,323.5,323,322.5,322,321.5,324.5,325,325.5,326,326.5
1684371663946793570,323.5,323,322.5,322,321.5,324.5,325,325.5,326,326.5
1684371663946904458,323.5,323,322.5,322,321.5,324.5,325,325.5,326,326.5
1684371663946904458,323,322.5,322,321.5,321,324.5,325,325.5,326,326.5
1684371663946904458,323,322.5,322,321.5,321,324.5,325,325.5,326,326.5
1684371663978438034,323,322.5,322,321.5,321,324.5,325,325.5,326,326.5
1684371663978438034,323,322.5,322,321.5,321,324.5,325,325.5,326,326.5
1684371663978551217,323,322.5,322,321.5,321,324.5,325,325.5,326,326.5
1684371664009457815,323,322.5,322,321.5,321,324.5,325,325.5,326,326.5
1684371664030907639,323,322.5,322,321.5,321,324.5,325,325.5,326,326.5
1684371664086912010,323.5,323,322.5,322,321.5,324.5,325,325.5,326,326.5
1684371664114754146,323.5,323,322.5,322,321.5,324.5,325,325.5,326,326.5
1684371664145472501,323.5,323,322.5,322,321.5,324.5,325,325.5,326,326.5
1684371664274536416,323,322.5,322,321.5,321,324.5,325,325.5,326,326.5
1684371664310333317,323,322.5,322,321.5,321,324.5,325,325.5,326,326.5
1684371664338971257,323,322.5,322,321.5,321,324.5,325,325.5,326,326.5
1684371664476062784,323,322.5,322,321.5,321,324.5,325,325.5,326,326.5
1684371664576801206,323,322.5,322,321.5,321,324.5,325,325.5,326,326.5
1684371664622558388,323,322.5,322,321.5,321,324.5,325,325.5,326,326.5
1684371664656650118,323,322.5,322,321.5,321,325,325.5,326,326.5,327
1684371664689237953,323,322.5,322,321.5,321,325,325.5,326,326.5,327
1684371664723339771,323,322.5,322,321.5,321,325,325.5,326,326.5,327
1684371664959573855,323,322.5,322,321.5,321,324,325,325.5,326,326.5
1684371664994620377,323,322.5,322,321.5,321,324,325,325.5,326,326.5
1684371664994620377,323,322.5,322,321.5,321,324,325,325.5,326,326.5
1684371665039173488,323,322.5,322,321.5,321,324,325,325.5,326,326.5
1684371667954508984,323,322.5,322,321.5,321,324,324.5,325,325.5,326
1684371668729932278,323,322.5,322,321.5,321,324,324.5,325,325.5,326
1684371669974522480,323,322.5,322,321.5,321,324,324.5,325,325.5,326
1684371671252408707,323,322.5,322,321.5,321,324,324.5,325,325.5,326
1684371673003677670,323,322.5,322,321.5,321,324,324.5,325,325.5,326
1684371677699248554,323.5,323,322.5,322,321.5,324,324.5,325,325.5,326
1684371677732272929,323.5,323,322.5,322,321.5,324,324.5,325,325.5,326
1684371677776972726,323.5,323,322.5,322,321.5,324,324.5,325,325.5,326
1684371680404999152,323,322.5,322,321.5,321,324,325,325.5,326,326.5
1684371680427311495,323,322.5,322,321.5,321,324,325,325.5,326,326.5
1684371680456397436,323,322.5,322,321.5,321,324,325,325.5,326,326.5
1684371681817948249,323,322.5,322,321.5,321,324,325,325.5,326,326.5
1684371681850683531,323,322.5,322,321.5,321,325,325.5,326,326.5,327
1684371681883520725,323,322.5,322,321.5,321,325,325.5,326,326.5,327
1684371681883520725,323,322.5,322,321.5,321,325,325.5,326,326.5,327
1684371681917071508,323,322.5,322,321.5,321,325,325.5,326,326.5,327
1684371682145594043,323,322.5,322,321.5,321,325,325.5,326,326.5,327
1684371682178510766,323.5,323,322.5,322,321.5,325,325.5,326,326.5,327
1684371682201394251,323.5,323,322.5,322,321.5,325,325.5,326,326.5,327
1684371682223508001,323.5,323,322.5,322,321.5,325,325.5,326,326.5,327
1684371683578444826,323.5,323,322.5,322,321.5,324,325,325.5,326,326.5
1684371683611000081,323.5,323,322.5,322,321.5,324,325,325.5,326,326.5
1684371683611000081,323,322.5,322,321.5,321,324,325,325.5,326,326.5
1684371683642233794,323,322.5,322,321.5,321,324,325,325.5,326,326.5
1684371683642288677,323,322.5,322,321.5,321,324,325,325.5,326,326.5
1684371683642288677,323,322.5,322,321.5,321,324,325,325.5,326,326.5
1684371683677379682,323,322.5,322,321.5,321,324,325,325.5,326,326.5
1684371684562559600,323,322.5,322,321.5,321,324,325,325.5,326,326.5
1684371686805293387,323,322.5,322,321.5,321,324,325,325.5,326,326.5
1684371689794842194,323.5,323,322.5,322,321.5,324,325,325.5,326,326.5
1684371689829725329,323.5,323,322.5,322,321.5,324,325,325.5,326,326.5
1684371689862800980,323.5,323,322.5,322,321.5,324,325,325.5,326,326.5
1684371690153649576,323.5,323,322.5,322,321.5,324,324.5,325,325.5,326
1684371693645215169,323.5,323,322.5,322,321.5,324,324.5,325,325.5,326
1684371694160882495,323.5,323,322.5,322,321.5,324,324.5,325,325.5,326
1684371694571934981,323.5,323,322.5,322,321.5,324,324.5,325,325.5,326
1684371694676307757,323.5,323,322.5,322,321.5,324,324.5,325,325.5,326
1684371694716739019,323,322.5,322,321.5,321,324,324.5,325,325.5,326
1684371694743281374,323,322.5,322,321.5,321,324,324.5,325,325.5,326
1684371694776341136,323,322.5,322,321.5,321,324,324.5,325,325.5,326
1684371695148377807,323,322.5,322,321.5,321,324,324.5,325,325.5,326
1684371695352028203,323,322.5,322,321.5,321,323.5,324,324.5,325,325.5
1684371695386570027,323,322.5,322,321.5,321,323.5,324,324.5,325,325.5
1684371695418894268,323,322.5,322,321.5,321,323.5,324,324.5,325,325.5
1684371697011301107,323,322.5,322,321.5,321,323.5,324,324.5,325,325.5
1684371700632908051,323,322.5,322,321.5,321,323.5,324,324.5,325,325.5
1684371701277129615,323,322.5,322,321.5,321,323.5,324,324.5,325,325.5
1684371702098583294,323,322.5,322,321.5,321,323.5,324,324.5,325,325.5
1684371702234900878,323,322.5,322,321.5,321,323.5,324,324.5,325,325.5
1684371702601895502,323,322.5,322,321.5,321,323.5,324,324.5,325,325.5
1684371704031749779,323,322.5,322,321.5,321,324,324.5,325,325.5,326
1684371704054705640,323,322.5,322,321.5,321,324,324.5,325,325.5,326
1684371704096072028,323,322.5,322,321.5,321,324,324.5,325,325.5,326
1684371707116004062,323,322.5,322,321.5,321,324,324.5,325,325.5,326
1684371707949785356,323,322.5,322,321.5,321,324,324.5,325,325.5,326
1684371708234514292,323,322.5,322,321.5,321,324,324.5,325,325.5,326
1684371713149396367,323,322.5,322,321.5,321,324,324.5,325,325.5,326
1684371718108842034,323,322.5,322,321.5,321,323.5,324,324.5,325,325.5
1684371718139949149,323,322.5,322,321.5,321,323.5,324,324.5,325,325.5
1684371718139949149,323,322.5,322,321.5,321,324,324.5,325,325.5,326
1684371718170168658,323,322.5,322,321.5,321,324,324.5,325,325.5,326
1684371718170168658,323,322.5,322,321.5,321,324,324.5,325,325.5,326
1684371718214336977,323,322.5,322,321.5,321,324,324.5,325,325.5,326
1684371718520617718,323,322.5,322,321.5,321,324,324.5,325,325.5,326
1684371719561569397,323,322.5,322,321.5,321,324,324.5,325,325.5,326
1684371723981015171,323,322.5,322,321.5,321,324,324.5,325,325.5,326
1684371728994095521,323,322.5,322,321.5,321,324,324.5,325,325.5,326
1684371729211020671,323,322.5,322,321.5,321,324,324.5,325,325.5,326
1684371729256103807,322.5,322,321.5,321,320.5,324,324.5,325,325.5,326
1684371729278787808,322.5,322,321.5,321,320.5,324,324.5,325,325.5,326
1684371729278787808,322.5,322,321.5,321,320.5,324,324.5,325,325.5,326
1684371729301225736,322.5,322,321.5,321,320.5,324,324.5,325,325.5,326
1684371735425998676,323,322.5,322,321.5,321,324,324.5,325,325.5,326
1684371735462992874,323,322.5,322,321.5,321,324,324.5,325,325.5,326
1684371735462992874,323,322.5,322,321.5,321,324,324.5,325,325.5,326
1684371735504744275,323,322.5,322,321.5,321,324,324.5,325,325.5,326
1684371737795513412,323,322.5,322,321.5,321,324,324.5,325,325.5,326
1684371739016123270,323,322.5,322,321.5,321,324,324.5,325,325.5,326
1684371740932545759,323,322.5,322,321.5,321,323.5,324,324.5,325,325.5
1684371740976434903,323,322.5,322,321.5,321,323.5,324,324.5,325,325.5
1684371741009388987,323,322.5,322,321.5,321,323.5,324,324.5,325,325.5
1684371742984020095,323,322.5,322,321.5,321,323.5,324,324.5,325,325.5
1684371743016119804,323,322.5,322,321.5,321,324,324.5,325,325.5,326
1684371743046539459,323,322.5,322,321.5,321,324,324.5,325,325.5,326
1684371743068151187,323,322.5,322,321.5,321,324,324.5,325,325.5,326
1684371743534001879,323,322.5,322,321.5,321,324,324.5,325,325.5,326
1684371747622252526,323,322.5,322,321.5,321,324,324.5,325,325.5,326
1684371748499751002,323,322.5,322,321.5,321,324,324.5,325,325.5,326
1684371748959102552,323,322.5,322,321.5,321,324,324.5,325,325.5,326
1684371749553238248,323,322.5,322,321.5,321,324,324.5,325,325.5,326
1684371750298349970,323,322.5,322,321.5,321,324,324.5,325,325.5,326
1684371752272763460,323,322.5,322,321.5,321,324,324.5,325,325.5,326
1684371755179099952,323,322.5,322,321.5,321,324,324.5,325,325.5,326
1684371756366919305,323,322.5,322,321.5,321,323.5,324,324.5,325,325.5
1684371756401136960,323,322.5,322,321.5,321,323.5,324,324.5,325,325.5
1684371756401136960,323,322.5,322,321.5,321,324,324.5,325,325.5,326
1684371756444677701,323,322.5,322,321.5,321,324,324.5,325,325.5,326
1684371756444677701,323,322.5,322,321.5,321,324,324.5,325,325.5,326
1684371756487654692,323,322.5,322,321.5,321,324,324.5,325,325.5,326
1684371758124025567,323,322.5,322,321.5,321,324,324.5,325,325.5,326
1684371758849130556,323,322.5,322,321.5,321,324,324.5,325,325.5,326
1684371762918219295,323,322.5,322,321.5,321,324,324.5,325,325.5,326
1684371763577132695,323,322.5,322,321.5,321,324,324.5,325,325.5,326
1684371764865219766,323,322.5,322,321.5,321,324,324.5,325,325.5,326
1684371765772279225,323.5,323,322.5,322,321.5,324,324.5,325,325.5,326
1684371765805288502,323.5,323,322.5,322,321.5,324,324.5,325,325.5,326
1684371765837293313,323.5,323,322.5,322,321.5,324,324.5,325,325.5,326
1684371765857635436,323.5,323,322.5,322,321.5,324,324.5,325,325.5,326
1684371766527250890,323.5,323,322.5,322,321.5,324,324.5,325,325.5,326
1684371769733201095,323.5,323,322.5,322,321.5,324,324.5,325,325.5,326
1684371772055737798,323.5,323,322.5,322,321.5,324,324.5,325,325.5,326
1684371775616465730,323.5,323,322.5,322,321.5,324,324.5,325,325.5,326
1684371776391008009,323.5,323,322.5,322,321.5,324,324.5,325,325.5,326
1684371778398389419,323.5,323,322.5,322,321.5,324,324.5,325,325.5,326
1684371778750800452,323.5,323,322.5,322,321.5,324,324.5,325,325.5,326
1684371779682559015,323.5,323,322.5,322,321.5,324,324.5,325,325.5,326
1684371782426114907,323.5,323,322.5,322,321.5,324,324.5,325,325.5,326
1684371783595342383,323.5,323,322.5,322,321.5,324,324.5,325,325.5,326
1684371784900959057,323.5,323,322.5,322,321.5,324,324.5,325,325.5,326
1684371789076798959,323.5,323,322.5,322,321.5,324,324.5,325,325.5,326
1684371790108206389,323.5,323,322.5,322,321.5,324.5,325,325.5,326,326.5
1684371790140959926,323.5,323,322.5,322,321.5,324.5,325,325.5,326,326.5
1684371790171461875,323.5,323,322.5,322,321.5,324.5,325,325.5,326,326.5
1684371790996052854,323.5,323,322.5,322,321.5,324.5,325,325.5,326,326.5
1684371792531978638,323.5,323,322.5,322,321.5,324.5,325,325.5,326,326.5
1684371799113151368,323.5,323,322.5,322,321.5,324,324.5,325,325.5,326
1684371799148094536,323.5,323,322.5,322,321.5,324,324.5,325,325.5,326
1684371799191746746,323.5,323,322.5,322,321.5,324,324.5,325,325.5,326
1684371799652734028,323.5,323,322.5,322,321.5,324,324.5,325,325.5,326
1684371799684518675,323.5,323,322.5,322,321.5,324.5,325,325.5,326,326.5
1684371799719999422,323.5,323,322.5,322,321.5,324.5,325,325.5,326,326.5
1684371799750052278,323.5,323,322.5,322,321.5,324.5,325,325.5,326,326.5
1684371802530239318,323.5,323,322.5,322,321.5,324.5,325,325.5,326,326.5
1684371803461107119,323.5,323,322.5,322,321.5,324.5,325,325.5,326,326.5
1684371804763172856,323.5,323,322.5,322,321.5,324.5,325,325.5,326,326.5
1684371809216041667,323.5,323,322.5,322,321.5,324.5,325,325.5,326,326.5
1684371810500296814,323.5,323,322.5,322,321.5,324.5,325,325.5,326,326.5
1684371813081814681,323.5,323,322.5,322,321.5,324.5,325,325.5,326,326.5
1684371814894255629,323.5,323,322.5,322,321.5,324.5,325,325.5,326,326.5
1684371815776760605,323.5,323,322.5,322,321.5,324.5,325,325.5,326,326.5
1684371817555552906,323.5,323,322.5,322,321.5,324.5,325,325.5,326,326.5
1684371822446376795,323.5,323,322.5,322,321.5,324.5,325,325.5,326,326.5
1684371823125107924,323.5,323,322.5,322,321.5,324.5,325,325.5,326,326.5
1684371832259307138,323.5,323,322.5,322,321.5,324.5,325,325.5,326,326.5
1684371833815809305,323.5,323,322.5,322,321.5,324.5,325,325.5,326,326.5
1684371834095857423,323.5,323,322.5,322,321.5,324,324.5,325,325.5,326
1684371834117875904,323.5,323,322.5,322,321.5,324,324.5,325,325.5,326
1684371834140977789,323.5,323,322.5,322,321.5,324,324.5,325,325.5,326
1684371834676495506,323.5,323,322.5,322,321.5,324,324.5,325,325.5,326
1684371840811423367,323.5,323,322.5,322,321.5,324,324.5,325,325.5,326
1684371841508661103,323.5,323,322.5,322,321.5,324,324.5,325,325.5,326
1684371846989635867,0,0,0,0,0,0,0,0,0,0
1684371846989635867,323.5,323,322.5,322,321.5,324.5,325,325.5,326,326.5
1684371847023644470,323.5,323,322.5,322,321.5,324.5,325,325.5,326,326.5
1684371847033949669,323.5,323,322.5,322,321.5,324.5,325,325.5,326,326.5
1684371847056424206,323.5,323,322.5,322,321.5,324.5,325,325.5,326,326.5
1684371848585072757,323.5,323,322.5,322,321.5,324.5,325,325.5,326,326.5
1684371849273237208,323.5,323,322.5,322,321.5,324.5,325,325.5,326,326.5
1684371849980231753,323.5,323,322.5,322,321.5,324.5,325,325.5,326,326.5
1684371850379391890,323.5,323,322.5,322,321.5,324.5,325,325.5,326,326.5
1684371851340277612,323.5,323,322.5,322,321.5,324.5,325,325.5,326,326.5
1684371857370418018,323.5,323,322.5,322,321.5,324.5,325,325.5,326,326.5
1684371857370587947,323.5,323,322.5,322,321.5,324.5,325,325.5,326,326.5
1684371860007105089,323.5,323,322.5,322,321.5,324.5,325,325.5,326,326.5
1684371860114548721,323.5,323,322.5,322,321.5,324.5,325,325.5,326,326.5
1684371862919210685,323.5,323,322.5,322,321.5,324.5,325,325.5,326,326.5
1684371864766564825,323.5,323,322.5,322,321.5,324,324.5,325,325.5,326
1684371864799356253,323.5,323,322.5,322,321.5,324,324.5,325,325.5,326
1684371864832076557,323.5,323,322.5,322,321.5,324,324.5,325,325.5,326
1684371865663161180,323.5,323,322.5,322,321.5,324,324.5,325,325.5,326
1684371866521705739,323.5,323,322.5,322,321.5,324,324.5,325,325.5,326
1684371870228787482,323.5,323,322.5,322,321.5,324,324.5,325,325.5,326
1684371870365841078,323.5,323,322.5,322,321.5,324,324.5,325,325.5,326
1684371874986444384,323.5,323,322.5,322,321.5,324,324.5,325,325.5,326
1684371876324609170,323.5,323,322.5,322,321.5,324,324.5,325,325.5,326
1684371876382076989,323.5,323,322.5,322,321.5,324,324.5,325,325.5,326
1684371885141504570,323.5,323,322.5,322,321.5,324,324.5,325,325.5,326
1684371889209759097,323.5,323,322.5,322,321.5,324,324.5,325,325.5,326
1684371891464675451,323.5,323,322.5,322,321.5,324,324.5,325,325.5,326
1684371893819897364,323.5,323,322.5,322,321.5,324,324.5,325,325.5,326
1684371896868302481,323.5,323,322.5,322,321.5,324.5,325,325.5,326,326.5
1684371896898409720,323.5,323,322.5,322,321.5,324.5,325,325.5,326,326.5
1684371896930903970,323.5,323,322.5,322,321.5,324.5,325,325.5,326,326.5
1684371896966020754,323.5,323,322.5,322,321.5,324.5,325,325.5,326,326.5
1684371899781623971,323.5,323,322.5,322,321.5,324.5,325,325.5,326,326.5
1684371899812640607,323.5,323,322.5,322,321.5,324.5,325,325.5,326,326.5
1684371902013934651,323.5,323,322.5,322,321.5,324.5,325,325.5,326,326.5
1684371906795071168,324,323.5,323,322.5,322,324.5,325,325.5,326,326.5
1684371906816918869,324,323.5,323,322.5,322,324.5,325,325.5,326,326.5
1684371908497237660,324,323.5,323,322.5,322,324.5,325,325.5,326,326.5
1684371912102487498,323.5,323,322.5,322,321.5,324.5,325,325.5,326,326.5
1684371913121287678,323.5,323,322.5,322,321.5,324.5,325,325.5,326,326.5
1684371913152081826,323.5,323,322.5,322,321.5,324.5,325,325.5,326,326.5
1684371916295882926,323.5,323,322.5,322,321.5,324.5,325,325.5,326,326.5
1684371919257109060,324,323.5,323,322.5,322,324.5,325,325.5,326,326.5
1684371919289922148,324,323.5,323,322.5,322,324.5,325,325.5,326,326.5
1684371921541894906,323.5,323,322.5,322,321.5,324.5,325,325.5,326,326.5
1684371922605067928,324,323.5,323,322.5,322,324.5,325,325.5,326,326.5
1684371930071793414,324,323.5,323,322.5,322,324.5,325,325.5,326,326.5
1684371933891010680,324,323.5,323,322.5,322,324.5,325,325.5,326,326.5
1684371935115803033,324,323.5,323,322.5,322,324.5,325,325.5,326,326.5
1684371936579260464,324,323.5,323,322.5,322,324.5,325,325.5,326,326.5
1684371942505832128,324,323.5,323,322.5,322,324.5,325,325.5,326,326.5
1684371945446345072,324,323.5,323,322.5,322,324.5,325,325.5,326,326.5
1684371946762138465,324,323.5,323,322.5,322,324.5,325,325.5,326,326.5
1684371948168652251,324,323.5,323,322.5,322,324.5,325,325.5,326,326.5
1684371953836590725,324,323.5,323,322.5,322,324.5,325,325.5,326,326.5
1684371954806383701,324,323.5,323,322.5,322,324.5,325,325.5,326,326.5
1684371955385384351,324,323.5,323,322.5,322,324.5,325,325.5,326,326.5
1684371962091973466,324,323.5,323,322.5,322,324.5,325,325.5,326,326.5
1684371964739797980,323.5,323,322.5,322,321.5,324.5,325,325.5,326,326.5
1684371964784844788,323.5,323,322.5,322,321.5,324.5,325,325.5,326,326.5
1684371964817531299,323.5,323,322.5,322,321.5,324.5,325,325.5,326,326.5
1684371973552946030,323.5,323,322.5,322,321.5,324.5,325,325.5,326,326.5
1684371973786893170,323.5,323,322.5,322,321.5,324,324.5,325,325.5,326
1684371973819708914,323.5,323,322.5,322,321.5,324,324.5,325,325.5,326
1684371973819708914,323.5,323,322.5,322,321.5,324,324.5,325,325.5,326
1684371974088233395,323.5,323,322.5,322,321.5,324,324.5,325,325.5,326
1684371976722375870,323.5,323,322.5,322,321.5,324,324.5,325,325.5,326
1684371977608536582,323.5,323,322.5,322,321.5,324,324.5,325,325.5,326
1684371977631803487,323,322.5,322,321.5,321,324,324.5,325,325.5,326
1684371977653789377,322.5,322,321.5,321,320.5,324,324.5,325,325.5,326
1684371977664071803,322.5,322,321.5,321,320.5,324,324.5,325,325.5,326
1684371977676193843,322.5,322,321.5,321,320.5,324,324.5,325,325.5,326
1684371977676193843,322.5,322,321.5,321,320.5,324,324.5,325,325.5,326
1684371977698698757,322.5,322,321.5,321,320.5,324,324.5,325,325.5,326
1684371978118528954,322.5,322,321.5,321,320.5,324,324.5,325,325.5,326
1684371980114689369,322.5,322,321.5,321,320.5,323.5,324,324.5,325,325.5
1684371980149072375,322,321.5,321,320.5,320,323.5,324,324.5,325,325.5
1684371980181841591,322,321.5,321,320.5,320,323.5,324,324.5,325,325.5
1684371980181948903,322,321.5,321,320.5,320,323.5,324,324.5,325,325.5
1684371980194148919,322,321.5,321,320.5,320,323.5,324,324.5,325,325.5
1684371980216741989,322,321.5,321,320.5,320,323.5,324,324.5,325,325.5
1684371982104172757,322,321.5,321,320.5,320,323.5,324,324.5,325,325.5
1684371985599941369,322,321.5,321,320.5,320,323.5,324,324.5,325,325.5
1684371985599941369,322,321.5,321,320.5,320,323.5,324,324.5,325,325.5
1684371985620427884,322,321.5,321,320.5,320,323.5,324,324.5,325,325.5
1684371985630680504,322,321.5,321,320.5,320,323.5,324,324.5,325,325.5
1684371989989763622,322,321.5,321,320.5,320,323,323.5,324,324.5,325
1684371990022557244,322,321.5,321,320.5,320,323,323.5,324,324.5,325
1684371990022557244,322,321.5,321,320.5,320,323,323.5,324,324.5,325
1684371990294564114,322,321.5,321,320.5,320,323,323.5,324,324.5,325
1684371993439027288,322,321.5,321,320.5,320,323,323.5,324,324.5,325
1684371993551423369,322,321.5,321,320.5,320,323,323.5,324,324.5,325
1684371993572090262,322,321.5,321,320.5,320,323,323.5,324,324.5,325
1684371994286022074,322,321.5,321,320.5,320,323.5,324,324.5,325,325.5
1684371994318500724,322,321.5,321,320.5,320,323.5,324,324.5,325,325.5
1684371997779645037,322,321.5,321,320.5,320,323.5,324,324.5,325,325.5
1684371998963906471,322,321.5,321,320.5,320,323.5,324,324.5,325,325.5
1684371999349903074,322,321.5,321,320.5,320,323.5,324,324.5,325,325.5
1684371999404631470,322,321.5,321,320.5,320,323.5,324,324.5,325,325.5
1684371999438507424,321.5,321,320.5,320,319.5,323.5,324,324.5,325,325.5
1684371999448650689,321.5,321,320.5,320,319.5,323.5,324,324.5,325,325.5
1684371999471477908,321.5,321,320.5,320,319.5,323.5,324,324.5,325,325.5
1684371999483562598,321.5,321,320.5,320,319.5,323.5,324,324.5,325,325.5
1684371999483562598,321.5,321,320.5,320,319.5,323.5,324,324.5,325,325.5
1684371999483562598,321.5,321,320.5,320,319.5,323.5,324,324.5,325,325.5
1684372000497558188,321.5,321,320.5,320,319.5,323.5,324,324.5,325,325.5
1684372008023722889,322,321.5,321,320.5,320,323.5,324,324.5,325,325.5
1684372008056392538,322,321.5,321,320.5,320,323.5,324,324.5,325,325.5
1684372008089978057,322,321.5,321,320.5,320,323.5,324,324.5,325,325.5
1684372008834192676,322,321.5,321,320.5,320,322.5,323.5,324,324.5,325
1684372010804227809,322,321.5,321,320.5,320,322.5,323.5,324,324.5,325
1684372012023460214,322,321.5,321,320.5,320,322.5,323.5,324,324.5,325
1684372014677605797,322,321.5,321,320.5,320,322.5,323.5,324,324.5,325
1684372017121247867,322,321.5,321,320.5,320,322.5,323.5,324,324.5,325
1684372018745010532,322,321.5,321,320.5,320,322.5,323.5,324,324.5,325
1684372021878651808,322,321.5,321,320.5,320,322.5,323.5,324,324.5,325
1684372022338535769,322,321.5,321,320.5,320,322.5,323.5,324,324.5,325
1684372023243587500,322,321.5,321,320.5,320,322.5,323.5,324,324.5,325
1684372031657853648,321.5,321,320.5,320,319.5,322.5,323.5,324,324.5,325
1684372031690809775,321.5,321,320.5,320,319.5,322.5,323.5,324,324.5,325
1684372031716048803,321.5,321,320.5,320,319.5,322.5,323.5,324,324.5,325
1684372032115765746,322,321.5,321,320.5,320,322.5,323.5,324,324.5,325
1684372032147366709,322,321.5,321,320.5,320,322.5,323.5,324,324.5,325
1684372032181669715,322,321.5,321,320.5,320,322.5,323.5,324,324.5,325
1684372039402477642,321.5,321,320.5,320,319.5,322.5,323.5,324,324.5,325
1684372039433298139,321.5,321,320.5,320,319.5,322.5,323.5,324,324.5,325
1684372039453685187,321.5,321,320.5,320,319.5,322.5,323.5,324,324.5,325
1684372039454013984,321.5,321,320.5,320,319.5,322.5,323.5,324,324.5,325
1684372042029084730,321.5,321,320.5,320,319.5,322.5,323.5,324,324.5,325
1684372043463713886,321.5,321,320.5,320,319.5,322.5,323.5,324,324.5,325
1684372046704609549,321.5,321,320.5,320,319.5,322.5,323.5,324,324.5,325
1684372055715141004,321.5,321,320.5,320,319.5,322,322.5,323.5,324,324.5
1684372058300593773,321.5,321,320.5,320,319.5,322,322.5,323.5,324,324.5
1684372058459332074,321.5,321,320.5,320,319.5,322,322.5,323.5,324,324.5
1684372064537005715,321.5,321,320.5,320,319.5,322,322.5,323.5,324,324.5
1684372065835464914,321.5,321,320.5,320,319.5,322,322.5,323.5,324,324.5
1684372067311926923,321.5,321,320.5,320,319.5,322,322.5,323.5,324,324.5
1684372067515809245,321.5,321,320.5,320,319.5,322,322.5,323.5,324,324.5
1684372068478759985,321.5,321,320.5,320,319.5,322,322.5,323.5,324,324.5
1684372083849628823,321.5,321,320.5,320,319.5,322,322.5,323.5,324,324.5
1684372087202314750,321.5,321,320.5,320,319.5,322,322.5,323.5,324,324.5
1684372088475134269,321.5,321,320.5,320,319.5,322,322.5,323.5,324,324.5
1684372088510657626,321,320.5,320,319.5,319,322,322.5,323.5,324,324.5
1684372088541975147,321,320.5,320,319.5,319,322,322.5,323.5,324,324.5
1684372088564878239,321,320.5,320,319.5,319,322,322.5,323.5,324,324.5
1684372088575456550,321,320.5,320,319.5,319,322,322.5,323.5,324,324.5
1684372091589546202,321,320.5,320,319.5,319,322,322.5,323.5,324,324.5
1684372095845064715,321,320.5,320,319.5,319,321.5,322,322.5,323.5,324
1684372095885968654,321,320.5,320,319.5,319,321.5,322,322.5,323.5,324
1684372097574502172,321,320.5,320,319.5,319,321.5,322,322.5,323.5,324
1684372098340400664,321,320.5,320,319.5,319,321.5,322,322.5,323.5,324
1684372100464197376,321,320.5,320,319.5,319,321.5,322,322.5,323.5,324
1684372106636589279,321,320.5,320,319.5,319,321.5,322,322.5,323.5,324
1684372107453605658,321,320.5,320,319.5,319,321.5,322,322.5,323.5,324
1684372112380595771,321,320.5,320,319.5,319,321.5,322,322.5,323.5,324
1684372115294083928,321,320.5,320,319.5,319,322,322.5,323.5,324,324.5
1684372121436917975,321,320.5,320,319.5,319,322,322.5,323.5,324,324.5
1684372122364095429,321,320.5,320,319.5,319,322,322.5,323.5,324,324.5
1684372122396423287,321,320.5,320,319.5,319,322,322.5,323.5,324,324.5
1684372122746743344,321.5,321,320.5,320,319.5,322,322.5,323.5,324,324.5
1684372122783265798,321.5,321,320.5,320,319.5,322,322.5,323.5,324,324.5
1684372122812200204,321.5,321,320.5,320,319.5,322,322.5,323.5,324,324.5
1684372126972882917,321,320.5,320,319.5,319,322,322.5,323.5,324,324.5
1684372127006523059,321,320.5,320,319.5,319,322,322.5,323.5,324,324.5
1684372127040465858,321,320.5,320,319.5,319,322,322.5,323.5,324,324.5
1684372127673855387,321,320.5,320,319.5,319,321.5,322,322.5,323.5,324
1684372128219179307,321,320.5,320,319.5,319,321.5,322,322.5,323.5,324
1684372128842622130,321,320.5,320,319.5,319,322,322.5,323.5,324,324.5
1684372134053080864,321,320.5,320,319.5,319,322,322.5,323.5,324,324.5
1684372135749668544,321,320.5,320,319.5,319,322,322.5,323.5,324,324.5
1684372135947505275,321,320.5,320,319.5,319,322,322.5,323.5,324,324.5
1684372138496017347,321,320.5,320,319.5,319,322,322.5,323.5,324,324.5
1684372142724132068,321.5,321,320.5,320,319.5,322,322.5,323.5,324,324.5
1684372142758670677,321.5,321,320.5,320,319.5,322,322.5,323.5,324,324.5
1684372142758670677,321.5,321,320.5,320,319.5,322,322.5,323.5,324,324.5
1684372142787743333,321.5,321,320.5,320,319.5,322,322.5,323.5,324,324.5
1684372145019892694,321.5,321,320.5,320,319.5,322,322.5,323.5,324,324.5
1684372150456394298,321.5,321,320.5,320,319.5,322,322.5,323.5,324,324.5
1684372151389477951,321,320.5,320,319.5,319,322,322.5,323.5,324,324.5
1684372151422654603,321,320.5,320,319.5,319,322,322.5,323.5,324,324.5
1684372151454885268,321,320.5,320,319.5,319,322,322.5,323.5,324,324.5
1684372156767452007,321.5,321,320.5,320,319.5,322,322.5,323.5,324,324.5
1684372156800166841,321.5,321,320.5,320,319.5,322,322.5,323.5,324,324.5
1684372156832908255,321.5,321,320.5,320,319.5,322,322.5,323.5,324,324.5
1684372158507573494,321,320.5,320,319.5,319,322,322.5,323.5,324,324.5
1684372158540287317,321,320.5,320,319.5,319,322,322.5,323.5,324,324.5
1684372158572689795,321,320.5,320,319.5,319,322,322.5,323.5,324,324.5
1684372159110287708,321,320.5,320,319.5,319,322,322.5,323.5,324,324.5
1684372160769471631,321,320.5,320,319.5,319,322,322.5,323.5,324,324.5
1684372162494649371,321,320.5,320,319.5,319,322,322.5,323.5,324,324.5
1684372165721867777,321,320.5,320,319.5,319,322,322.5,323.5,324,324.5
1684372166092032475,321,320.5,320,319.5,319,322,322.5,323.5,324,324.5
1684372170819209829,321,320.5,320,319.5,319,322,322.5,323.5,324,324.5
1684372171588952710,321,320.5,320,319.5,319,322,322.5,323.5,324,324.5
1684372173179385488,321,320.5,320,319.5,319,322,322.5,323.5,324,324.5
1684372173243732734,321,320.5,320,319.5,319,322,322.5,323.5,324,324.5
1684372177556869491,321,320.5,320,319.5,319,322,322.5,323.5,324,324.5
1684372191401783422,321,320.5,320,319.5,319,322,322.5,323.5,324,324.5
1684372191433232440,321,320.5,320,319.5,319,322,322.5,323.5,324,324.5
1684372199481080344,321.5,321,320.5,320,319.5,322,322.5,323.5,324,324.5
1684372199513758108,321.5,321,320.5,320,319.5,322,322.5,323.5,324,324.5
1684372199546443698,321.5,321,320.5,320,319.5,322,322.5,323.5,324,324.5
1684372202710727220,321.5,321,320.5,320,319.5,322,322.5,323.5,324,324.5
1684372211114641182,321.5,321,320.5,320,319.5,322,322.5,323.5,324,324.5
1684372213217444248,321.5,321,320.5,320,319.5,322,322.5,323.5,324,324.5
1684372217639019035,321.5,321,320.5,320,319.5,322,322.5,323.5,324,324.5
1684372221474708736,321.5,321,320.5,320,319.5,322,322.5,323.5,324,324.5
1684372224956783102,321.5,321,320.5,320,319.5,322,322.5,323.5,324,324.5
1684372237406153857,321.5,321,320.5,320,319.5,322,322.5,323.5,324,324.5
1684372246467640084,321.5,321,320.5,320,319.5,322,322.5,323.5,324,324.5
1684372248817901018,321.5,321,320.5,320,319.5,322,322.5,323.5,324,324.5
1684372250794156664,321.5,321,320.5,320,319.5,322,322.5,323.5,324,324.5
1684372251523137051,321.5,321,320.5,320,319.5,322,322.5,323.5,324,324.5
1684372252401806930,321.5,321,320.5,320,319.5,322,322.5,323.5,324,324.5
1684372252764312838,321.5,321,320.5,320,319.5,322,322.5,323.5,324,324.5
1684372260316655182,321.5,321,320.5,320,319.5,322,322.5,323.5,324,324.5
1684372261046647278,321.5,321,320.5,320,319.5,322,322.5,323.5,324,324.5
1684372261734075368,321.5,321,320.5,320,319.5,322,322.5,323.5,324,324.5
1684372262097688926,321.5,321,320.5,320,319.5,322,322.5,323.5,324,324.5
1684372262849150734,321.5,321,320.5,320,319.5,322,322.5,323.5,324,324.5
1684372262884208356,321.5,321,320.5,320,319.5,322,322.5,323.5,324,324.5
1684372262915493536,321,320.5,320,319.5,319,322,322.5,323.5,324,324.5
1684372262947201490,321,320.5,320,319.5,319,322,322.5,323.5,324,324.5
1684372262947201490,321,320.5,320,319.5,319,322,322.5,323.5,324,324.5
1684372262981855325,321,320.5,320,319.5,319,322,322.5,323.5,324,324.5
1684372272102804268,321,320.5,320,319.5,319,321.5,322,322.5,323.5,324
1684372275530133688,321,320.5,320,319.5,319,321.5,322,322.5,323.5,324
1684372281212341145,321,320.5,320,319.5,319,321.5,322,322.5,323.5,324
1684372283203061490,321,320.5,320,319.5,319,321.5,322,322.5,323.5,324
1684372284674774054,321,320.5,320,319.5,319,321.5,322,322.5,323.5,324
1684372285233823145,321,320.5,320,319.5,319,321.5,322,322.5,323.5,324
1684372289385220068,321,320.5,320,319.5,319,321.5,322,322.5,323.5,324
1684372293753942394,321,320.5,320,319.5,319,321.5,322,322.5,323.5,324
1684372295388845118,321,320.5,320,319.5,319,321.5,322,322.5,323.5,324
1684372295432011716,321,320.5,320,319.5,319,321.5,322,322.5,323.5,324
1684372308433753198,321,320.5,320,319.5,319,321.5,322,322.5,323.5,324
1684372319288122682,321,320.5,320,319.5,319,321.5,322,322.5,323.5,324
1684372321503162381,321,320.5,320,319.5,319,321.5,322,322.5,323.5,324
1684372324891595232,321,320.5,320,319.5,319,321.5,322,322.5,323.5,324
1684372324926477505,320.5,320,319.5,319,318.5,321.5,322,322.5,323.5,324
1684372324961575083,320.5,320,319.5,319,318.5,321.5,322,322.5,323.5,324
1684372324961575083,320.5,320,319.5,319,318.5,321.5,322,322.5,323.5,324
1684372324971569619,320.5,320,319.5,319,318.5,321.5,322,322.5,323.5,324
1684372324994301148,320.5,320,319.5,319,318.5,321.5,322,322.5,323.5,324
1684372324994301148,320.5,320,319.5,319,318.5,321.5,322,322.5,323.5,324
1684372325565429048,320.5,320,319.5,319,318.5,321.5,322,322.5,323.5,324
1684372326118330315,320.5,320,319.5,319,318.5,321.5,322,322.5,323.5,324
1684372326159499002,320.5,320,319.5,319,318.5,321.5,322,322.5,323.5,324
1684372326235055715,320,319.5,319,318.5,318,321.5,322,322.5,323.5,324
1684372326267874124,320,319.5,319,318.5,318,321.5,322,322.5,323.5,324
1684372326278191866,320,319.5,319,318.5,318,321.5,322,322.5,323.5,324
1684372326300723490,320,319.5,319,318.5,318,321.5,322,322.5,323,323.5
1684372328655769620,320,319.5,319,318.5,318,321.5,322,322.5,323,323.5
1684372332125215608,320,319.5,319,318.5,318,321.5,322,322.5,323,323.5
1684372333720654938,320,319.5,319,318.5,318,320.5,321.5,322,322.5,323
1684372336136290829,320,319.5,319,318.5,318,320.5,321.5,322,322.5,323
1684372336457822025,320,319.5,319,318.5,318,320.5,321.5,322,322.5,323
1684372338139146630,320,319.5,319,318.5,318,320.5,321.5,322,322.5,323
1684372339303414748,320,319.5,319,318.5,318,320.5,321.5,322,322.5,323
1684372339480637696,320,319.5,319,318.5,318,320.5,321.5,322,322.5,323
1684372339480637696,320,319.5,319,318.5,318,320.5,321,321.5,322,322.5
1684372339762270459,320,319.5,319,318.5,318,320.5,321,321.5,322,322.5
1684372344066429414,320,319.5,319,318.5,318,320.5,321,321.5,322,322.5
1684372347853125379,320,319.5,319,318.5,318,320.5,321,321.5,322,322.5
1684372348522724044,320,319.5,319,318.5,318,321,321.5,322,322.5,323
1684372348557689313,320,319.5,319,318.5,318,321,321.5,322,322.5,323
1684372349402489280,320,319.5,319,318.5,318,321,321.5,322,322.5,323
1684372351908068806,320,319.5,319,318.5,318,321,321.5,322,322.5,323
1684372353383267427,320,319.5,319,318.5,318,321,321.5,322,322.5,323
1684372353971417025,320.5,320,319.5,319,318.5,321,321.5,322,322.5,323
1684372353994099614,320.5,320,319.5,319,318.5,321,321.5,322,322.5,323.5
1684372354026760546,320.5,320,319.5,319,318.5,321,321.5,322,322.5,323.5
1684372354401485016,320.5,320,319.5,319,318.5,321,321.5,322,322.5,323.5
1684372354424035746,320.5,320,319.5,319,318.5,321,321.5,322,322.5,323.5
1684372358033080340,320.5,320,319.5,319,318.5,321,321.5,322,322.5,323.5
1684372361087267022,320,319.5,319,318.5,318,321,321.5,322,322.5,323.5
1684372361130289670,320,319.5,319,318.5,318,321,321.5,322,322.5,323.5
1684372361163128437,320,319.5,319,318.5,318,321,321.5,322,322.5,323
1684372361958661301,320,319.5,319,318.5,318,321,321.5,322,322.5,323
1684372364524971403,320,319.5,319,318.5,318,321,321.5,322,322.5,323
1684372367638079174,320,319.5,319,318.5,318,321,321.5,322,322.5,323
1684372372241858246,320,319.5,319,318.5,318,320.5,321,321.5,322,322.5
1684372374219285242,320,319.5,319,318.5,318,320.5,321,321.5,322,322.5
1684372376715212978,320,319.5,319,318.5,318,320.5,321,321.5,322,322.5
1684372380716976487,320,319.5,319,318.5,318,320.5,321,321.5,322,322.5
1684372380988177153,320,319.5,319,318.5,318,320.5,321,321.5,322,322.5
1684372383924864012,320,319.5,319,318.5,318,321,321.5,322,322.5,323
1684372384807513063,320.5,320,319.5,319,318.5,321,321.5,322,322.5,323
1684372384840565331,320.5,320,319.5,319,318.5,321,321.5,322,322.5,323
1684372384840565331,320.5,320,319.5,319,318.5,321,321.5,322,322.5,323.5
1684372384872394712,320.5,320,319.5,319,318.5,321,321.5,322,322.5,323.5
1684372388203975180,320.5,320,319.5,319,318.5,321,321.5,322,322.5,323.5
1684372388247136017,320.5,320,319.5,319,318.5,321,321.5,322,322.5,323.5
1684372388247136017,320.5,320,319.5,319,318.5,321,321.5,322,322.5,323.5
1684372388436143821,320.5,320,319.5,319,318.5,321,321.5,322,322.5,323.5
1684372389373563898,320.5,320,319.5,319,318.5,321,321.5,322,322.5,323.5
1684372391728786841,320.5,320,319.5,319,318.5,321,321.5,322,322.5,323.5
1684372392023678229,320.5,320,319.5,319,318.5,321,321.5,322,322.5,323.5
1684372401973440731,320.5,320,319.5,319,318.5,321,321.5,322,322.5,323.5
1684372401996549279,320.5,320,319.5,319,318.5,321,321.5,322,322.5,323.5
1684372407871422353,320.5,320,319.5,319,318.5,321,321.5,322,322.5,323.5
1684372410162962307,320.5,320,319.5,319,318.5,321,321.5,322,322.5,323.5
1684372416809896847,320.5,320,319.5,319,318.5,321,321.5,322,322.5,323.5
1684372418995162244,320.5,320,319.5,319,318.5,321,321.5,322,322.5,323.5
1684372423118827413,320.5,320,319.5,319,318.5,321,321.5,322,322.5,323.5
1684372424986562867,320.5,320,319.5,319,318.5,321,321.5,322,322.5,323.5
1684372427794395124,320.5,320,319.5,319,318.5,321,321.5,322,322.5,323.5
1684372430259461326,320.5,320,319.5,319,318.5,321,321.5,322,322.5,323.5
1684372431107127534,320.5,320,319.5,319,318.5,321,321.5,322,322.5,323.5
1684372433983561535,320.5,320,319.5,319,318.5,321,321.5,322,322.5,323.5
1684372437147605403,320.5,320,319.5,319,318.5,321,321.5,322,322.5,323.5
1684372457440417776,320.5,320,319.5,319,318.5,321,321.5,322,322.5,323.5
1684372459296357443,320.5,320,319.5,319,318.5,321,321.5,322,322.5,323.5
1684372459692199553,320.5,320,319.5,319,318.5,321,321.5,322,322.5,323.5
1684372462457429101,320.5,320,319.5,319,318.5,321,321.5,322,322.5,323.5
1684372465774001401,320.5,320,319.5,319,318.5,321,321.5,322,322.5,323.5
1684372469014871295,320.5,320,319.5,319,318.5,321,321.5,322,322.5,323.5
1684372473666041911,320.5,320,319.5,319,318.5,321,321.5,322,322.5,323.5
1684372479911456253,320.5,320,319.5,319,318.5,321,321.5,322,322.5,323.5
1684372486328975694,320.5,320,319.5,319,318.5,321,321.5,322,322.5,323.5
1684372490120032510,320.5,320,319.5,319,318.5,321,321.5,322,322.5,323.5
1684372491141636728,320.5,320,319.5,319,318.5,321,321.5,322,322.5,323.5
1684372491172539490,320.5,320,319.5,319,318.5,321,321.5,322,322.5,323.5
1684372491193118198,320.5,320,319.5,319,318.5,321,321.5,322,322.5,323.5
1684372491193118198,320.5,320,319.5,319,318.5,321,321.5,322,322.5,323.5
1684372491193118198,320,319.5,319,318.5,318,321,321.5,322,322.5,323.5
1684372491214987860,320,319.5,319,318.5,318,321,321.5,322,322.5,323.5
1684372491214987860,319.5,319,318.5,318,317.5,321,321.5,322,322.5,323.5
1684372491215041521,319.5,319,318.5,318,317.5,321,321.5,322,322.5,323.5
1684372491215041521,319.5,319,318.5,318,317.5,321,321.5,322,322.5,323.5
1684372491225276107,319.5,319,318.5,318,317.5,321,321.5,322,322.5,323.5
1684372491246093974,319.5,319,318.5,318,317.5,321,321.5,322,322.5,323
1684372491246093974,319.5,319,318.5,318,317.5,321,321.5,322,322.5,323.5
1684372491256430040,319.5,319,318.5,318,317.5,320.5,321,321.5,322,322.5
1684372491256430040,319.5,319,318.5,318,317.5,320.5,321,321.5,322,322.5
1684372491565955945,319.5,319,318.5,318,317.5,320.5,321,321.5,322,322.5
1684372491810015463,319.5,319,318.5,318,317.5,320.5,321,321.5,322,322.5
1684372491989718748,319.5,319,318.5,318,317.5,320.5,321,321.5,322,322.5
1684372492031739024,319.5,319,318.5,318,317.5,320.5,321,321.5,322,322.5
1684372492045196240,319.5,319,318.5,318,317.5,320.5,321,321.5,322,322.5
1684372492045412106,319.5,319,318.5,318,317.5,321,321.5,322,322.5,323.5
1684372492319650436,319,318.5,318,317.5,317,321,321.5,322,322.5,323.5
1684372492352791581,319,318.5,318,317.5,317,321,321.5,322,322.5,323.5
1684372492353011403,319,318.5,318,317.5,317,321,321.5,322,322.5,323.5
1684372492386050486,319,318.5,318,317.5,317,321,321.5,322,322.5,323.5
1684372492418910102,319.5,319,318.5,318,317.5,321,321.5,322,322.5,323.5
1684372492449484057,319.5,319,318.5,318,317.5,321,321.5,322,322.5,323.5
1684372492449484057,319.5,319,318.5,318,317.5,320.5,321,321.5,322,322.5
1684372492449484057,319,318.5,318,317.5,317,320.5,321,321.5,322,322.5
1684372492480587526,319,318.5,318,317.5,317,320.5,321,321.5,322,322.5
1684372492480621590,319,318.5,318,317.5,317,320.5,321,321.5,322,322.5
1684372492480621590,319,318.5,318,317.5,317,320.5,321,321.5,322,322.5
1684372492480621590,319,318.5,318,317.5,317,321,321.5,322,322.5,323.5
1684372492513052631,319,318.5,318,317.5,317,320.5,321,321.5,322,322.5
1684372492513052631,319,318.5,318,317.5,317,320.5,321,321.5,322,322.5
1684372494718622783,319,318.5,318,317.5,317,320.5,321,321.5,322,322.5
1684372494751414872,319,318.5,318,317.5,317,320.5,321,321.5,322,322.5
1684372499604633236,319,318.5,318,317.5,317,320.5,321,321.5,322,322.5
1684372499635846972,319,318.5,318,317.5,317,320.5,321,321.5,322,322.5
1684372501971344892,319,318.5,318,317.5,317,319.5,320.5,321,321.5,322
1684372502005540627,319,318.5,318,317.5,317,320.5,321,321.5,322,322.5
1684372502038301267,319,318.5,318,317.5,317,320.5,321,321.5,322,322.5
1684372502669169183,319,318.5,318,317.5,317,320.5,321,321.5,322,322.5
1684372502691496383,319,318.5,318,317.5,317,320.5,321,321.5,322,322.5
1684372502722380410,319,318.5,318,317.5,317,320.5,321,321.5,322,322.5
1684372505401357845,319,318.5,318,317.5,317,320.5,321,321.5,322,322.5
1684372508685144539,319,318.5,318,317.5,317,320.5,321,321.5,322,322.5
1684372509385495754,319,318.5,318,317.5,317,320.5,321,321.5,322,322.5
1684372510171033473,319,318.5,318,317.5,317,320.5,321,321.5,322,322.5
1684372514725828748,319,318.5,318,317.5,317,320.5,321,321.5,322,322.5
1684372515898280693,319,318.5,318,317.5,317,320.5,321,321.5,322,322.5
1684372515930260959,319,318.5,318,317.5,317,320.5,321,321.5,322,322.5
1684372516009762748,319,318.5,318,317.5,317,320.5,321,321.5,322,322.5
1684372516042746948,319,318.5,318,317.5,317,320.5,321,321.5,322,322.5
1684372516256715588,319,318.5,318,317.5,317,320.5,321,321.5,322,322.5
1684372521550308705,319,318.5,318,317.5,317,320.5,321,321.5,322,322.5
1684372524175606444,319,318.5,318,317.5,317,320.5,321,321.5,322,322.5
1684372524684318915,319,318.5,318,317.5,317,320.5,321,321.5,322,322.5
1684372524717357126,319,318.5,318,317.5,317,320.5,321,321.5,322,322.5
1684372524750193779,319,318.5,318,317.5,317,320.5,321,321.5,322,322.5
1684372525369449783,319,318.5,318,317.5,317,319.5,320.5,321,321.5,322
1684372525402154338,319,318.5,318,317.5,317,319.5,320.5,321,321.5,322
1684372525402154338,318.5,318,317.5,317,316.5,319.5,320.5,321,321.5,322
1684372525402338013,318.5,318,317.5,317,316.5,319.5,320.5,321,321.5,322
1684372525436930342,318.5,318,317.5,317,316.5,319.5,320.5,321,321.5,322
1684372525436962843,318.5,318,317.5,317,316.5,319.5,320.5,321,321.5,322
1684372525447407383,318.5,318,317.5,317,316.5,319.5,320.5,321,321.5,322
1684372525469946592,318.5,318,317.5,317,316.5,319.5,320.5,321,321.5,322
1684372526325799301,318.5,318,317.5,317,316.5,319.5,320.5,321,321.5,322
1684372526325905321,318.5,318,317.5,317,316.5,319.5,320.5,321,321.5,322
1684372526348285401,318.5,318,317.5,317,316.5,319.5,320.5,321,321.5,322
1684372528519406623,318.5,318,317.5,317,316.5,319.5,320.5,321,321.5,322
1684372529672385135,318.5,318,317.5,317,316.5,319.5,320,320.5,321,321.5
1684372532219384774,318.5,318,317.5,317,316.5,319.5,320,320.5,321,321.5
1684372532219384774,318.5,318,317.5,317,316.5,319.5,320,320.5,321,321.5
1684372533835800781,319,318.5,318,317.5,317,319.5,320,320.5,321,321.5
1684372533857428598,319,318.5,318,317.5,317,319.5,320,320.5,321,321.5
1684372533953792778,318.5,318,317.5,317,316.5,319.5,320,320.5,321,321.5
1684372534407366513,318.5,318,317.5,317,316.5,319.5,320,320.5,321,321.5
1684372534521162953,318.5,318,317.5,317,316.5,319,319.5,320,320.5,321
1684372534551770791,318.5,318,317.5,317,316.5,319,319.5,320,320.5,321
1684372534551770791,318.5,318,317.5,317,316.5,319,319.5,320,320.5,321
1684372534641796340,319,318.5,318,317.5,317,319.5,320,320.5,321,321.5
1684372534847876509,319,318.5,318,317.5,317,319.5,320,320.5,321,321.5
1684372535376138706,318.5,318,317.5,317,316.5,319.5,320,320.5,321,321.5
1684372535421154175,318.5,318,317.5,317,316.5,319.5,320,320.5,321,321.5
1684372536671666384,318.5,318,317.5,317,316.5,319.5,320,320.5,321,321.5
1684372537672054819,318.5,318,317.5,317,316.5,319.5,320,320.5,321,321.5
1684372540133649504,318.5,318,317.5,317,316.5,319.5,320,320.5,321,321.5
1684372540412366544,318.5,318,317.5,317,316.5,319.5,320,320.5,321,321.5
1684372540874031840,318.5,318,317.5,317,316.5,319.5,320,320.5,321,321.5
1684372542640909900,318.5,318,317.5,317,316.5,319.5,320,320.5,321,321.5
1684372543644058717,318.5,318,317.5,317,316.5,319.5,320,320.5,321,321.5
1684372544300376266,318.5,318,317.5,317,316.5,319.5,320,320.5,321,321.5
1684372544584851397,318.5,318,317.5,317,316.5,319.5,320,320.5,321,321.5
1684372545674557632,318.5,318,317.5,317,316.5,319.5,320,320.5,321,321.5
1684372547712359358,318.5,318,317.5,317,316.5,319.5,320,320.5,321,321.5
1684372547732882622,318.5,318,317.5,317,316.5,319.5,320,320.5,321,321.5
1684372550501735976,318.5,318,317.5,317,316.5,319,319.5,320,320.5,321
1684372550534534277,318.5,318,317.5,317,316.5,319,319.5,320,320.5,321
1684372550622685366,318.5,318,317.5,317,316.5,319,319.5,320,320.5,321
1684372550656208819,318.5,318,317.5,317,316.5,319,319.5,320,320.5,321
1684372553814431930,318.5,318,317.5,317,316.5,319,319.5,320,320.5,321
1684372554259975998,318.5,318,317.5,317,316.5,319,319.5,320,320.5,321
1684372554259975998,318.5,318,317.5,317,316.5,319,319.5,320,320.5,321
1684372554259975998,318.5,318,317.5,317,316.5,319,319.5,320,320.5,321
1684372554260003339,318.5,318,317.5,317,316.5,319,319.5,320,320.5,321
1684372555852177130,318.5,318,317.5,317,316.5,319,319.5,320,320.5,321
1684372556439094245,318.5,318,317.5,317,316.5,319,319.5,320,320.5,321
1684372556467715644,318.5,318,317.5,317,316.5,319.5,320,320.5,321,321.5
1684372556569136097,318.5,318,317.5,317,316.5,319.5,320,320.5,321,321.5
1684372556601848457,318.5,318,317.5,317,316.5,319.5,320,320.5,321,321.5
1684372556952546596,318.5,318,317.5,317,316.5,319.5,320,320.5,321,321.5
1684372564224908072,318.5,318,317.5,317,316.5,319.5,320,320.5,321,321.5
1684372564726635488,318.5,318,317.5,317,316.5,319.5,320,320.5,321,321.5
1684372568519210507,318.5,318,317.5,317,316.5,319.5,320,320.5,321,321.5
1684372568604395958,318.5,318,317.5,317,316.5,319.5,320,320.5,321,321.5
1684372570774052470,319,318.5,318,317.5,317,319.5,320,320.5,321,321.5
1684372572462924609,319,318.5,318,317.5,317,319.5,320,320.5,321,321.5
1684372572495823208,318.5,318,317.5,317,316.5,319.5,320,320.5,321,321.5
1684372572495823208,318.5,318,317.5,317,316.5,319,319.5,320,320.5,321
1684372572530262019,318.5,318,317.5,317,316.5,319,319.5,320,320.5,321
1684372572993113303,318.5,318,317.5,317,316.5,319,319.5,320,320.5,321
1684372572993113303,318.5,318,317.5,317,316.5,319,319.5,320,320.5,321
1684372573191877466,318.5,318,317.5,317,316.5,319,319.5,320,320.5,321
1684372573355830959,318.5,318,317.5,317,316.5,319,319.5,320,320.5,321
1684372574733920533,318.5,318,317.5,317,316.5,319,319.5,320,320.5,321
1684372576051955079,318.5,318,317.5,317,316.5,319,319.5,320,320.5,321
1684372576799410195,318.5,318,317.5,317,316.5,319,319.5,320,320.5,321
1684372577141463273,318.5,318,317.5,317,316.5,319,319.5,320,320.5,321
1684372577722502792,318.5,318,317.5,317,316.5,319,319.5,320,320.5,321
1684372579426894861,318.5,318,317.5,317,316.5,319,319.5,320,320.5,321
1684372580023981590,318.5,318,317.5,317,316.5,319,319.5,320,320.5,321
1684372580288197222,318.5,318,317.5,317,316.5,319,319.5,320,320.5,321
1684372580839266351,318.5,318,317.5,317,316.5,319,319.5,320,320.5,321
1684372582367250482,318.5,318,317.5,317,316.5,319,319.5,320,320.5,321
1684372586490557081,318.5,318,317.5,317,316.5,319,319.5,320,320.5,321
1684372586716460590,318.5,318,317.5,317,316.5,319,319.5,320,320.5,321
1684372587796694840,318.5,318,317.5,317,316.5,319,319.5,320,320.5,321
1684372589803235483,318.5,318,317.5,317,316.5,319,319.5,320,320.5,321
1684372593024785094,318.5,318,317.5,317,316.5,319,319.5,320,320.5,321
1684372596431702696,318.5,318,317.5,317,316.5,319,319.5,320,320.5,321
1684372596871954638,318.5,318,317.5,317,316.5,319,319.5,320,320.5,321
1684372599439361373,318.5,318,317.5,317,316.5,319,319.5,320,320.5,321
1684372601171845186,318.5,318,317.5,317,316.5,319,319.5,320,320.5,321
1684372601201468626,318.5,318,317.5,317,316.5,319,319.5,320,320.5,321
1684372601498578479,318.5,318,317.5,317,316.5,319,319.5,320,320.5,321
1684372604074142580,318.5,318,317.5,317,316.5,319,319.5,320,320.5,321
1684372605505407675,318.5,318,317.5,317,316.5,319,319.5,320,320.5,321
1684372607832161548,318.5,318,317.5,317,316.5,319,319.5,320,320.5,321
1684372607854637769,318,317.5,317,316.5,316,318.5,319,319.5,320,320.5
1684372607877524039,318,317.5,317,316.5,316,319,319.5,320,320.5,321
1684372607877524039,318,317.5,317,316.5,316,319,319.5,320,320.5,321
1684372607889330617,318,317.5,317,316.5,316,319,319.5,320,320.5,321
1684372607899626909,318,317.5,317,316.5,316,319,319.5,320,320.5,321
1684372607899626909,318,317.5,317,316.5,316,319,319.5,320,320.5,321
1684372608190420383,318,317.5,317,316.5,316,319,319.5,320,320.5,321
1684372608190420383,318,317.5,317,316.5,316,319,319.5,320,320.5,321
1684372609718947764,318,317.5,317,316.5,316,319,319.5,320,320.5,321
1684372612021260628,318,317.5,317,316.5,316,319,319.5,320,320.5,321
1684372612609032689,318,317.5,317,316.5,316,319,319.5,320,320.5,321
1684372615811026694,318,317.5,317,316.5,316,319,319.5,320,320.5,321
1684372617162800168,318,317.5,317,316.5,316,318.5,319,319.5,320,320.5
1684372617185527219,318,317.5,317,316.5,316,318.5,319,319.5,320,320.5
1684372617185563076,318,317.5,317,316.5,316,319,319.5,320,320.5,321
1684372617451558681,318,317.5,317,316.5,316,319,319.5,320,320.5,321
1684372617482277648,318,317.5,317,316.5,316,319,319.5,320,320.5,321
1684372617482277648,318,317.5,317,316.5,316,319,319.5,320,320.5,321
1684372617865313673,318,317.5,317,316.5,316,319,319.5,320,320.5,321
1684372623938836573,318,317.5,317,316.5,316,319,319.5,320,320.5,321
1684372626759944650,318,317.5,317,316.5,316,319,319.5,320,320.5,321
1684372630369638578,318,317.5,317,316.5,316,319,319.5,320,320.5,321
1684372631112070994,318,317.5,317,316.5,316,318.5,319,319.5,320,320.5
1684372631144608275,318,317.5,317,316.5,316,318.5,319,319.5,320,320.5
1684372631144608275,318,317.5,317,316.5,316,319,319.5,320,320.5,321
1684372634880274626,318,317.5,317,316.5,316,319,319.5,320,320.5,321
1684372634910915766,318,317.5,317,316.5,316,319,319.5,320,320.5,321
1684372635087145399,318,317.5,317,316.5,316,319,319.5,320,320.5,321
1684372635366815709,318,317.5,317,316.5,316,319,319.5,320,320.5,321
1684372640833800013,318,317.5,317,316.5,316,319,319.5,320,320.5,321
1684372644540055973,318.5,318,317.5,317,316.5,319,319.5,320,320.5,321
1684372645207219006,318,317.5,317,316.5,316,319,319.5,320,320.5,321
1684372645317645419,318,317.5,317,316.5,316,319,319.5,320,320.5,321
1684372645351432086,318,317.5,317,316.5,316,319,319.5,320,320.5,321
1684372646978864888,318,317.5,317,316.5,316,319,319.5,320,320.5,321
1684372652451520131,318,317.5,317,316.5,316,319,319.5,320,320.5,321
1684372653259074698,318,317.5,317,316.5,316,319,319.5,320,320.5,321
1684372653279577443,317.5,317,316.5,316,315.5,319,319.5,320,320.5,321
1684372653300008714,317.5,317,316.5,316,315.5,318.5,319,319.5,320,320.5
1684372653310276062,317.5,317,316.5,316,315.5,318.5,319,319.5,320,320.5
1684372653330903581,317.5,317,316.5,316,315.5,318.5,319,319.5,320,320.5
1684372653330903581,317.5,317,316.5,316,315.5,318.5,319,319.5,320,320.5
1684372653330903581,317.5,317,316.5,316,315.5,318.5,319,319.5,320,320.5
1684372653342926776,317.5,317,316.5,316,315.5,318.5,319,319.5,320,320.5
1684372653494688528,317.5,317,316.5,316,315.5,318.5,319,319.5,320,320.5
1684372653504872970,317.5,317,316.5,316,315.5,318.5,319,319.5,320,320.5
1684372654038622330,317.5,317,316.5,316,315.5,318.5,319,319.5,320,320.5
1684372654318259207,317.5,317,316.5,316,315.5,318.5,319,319.5,320,320.5
1684372658909662491,317.5,317,316.5,316,315.5,318,318.5,319,319.5,320
1684372658940440939,317.5,317,316.5,316,315.5,318,318.5,319,319.5,320
1684372659079726978,317.5,317,316.5,316,315.5,318,318.5,319,319.5,320
1684372659079726978,317.5,317,316.5,316,315.5,318,318.5,319,319.5,320
1684372659602921119,317.5,317,316.5,316,315.5,318,318.5,319,319.5,320
1684372659625597807,317.5,317,316.5,316,315.5,318,318.5,319,319.5,320
1684372660318584124,317.5,317,316.5,316,315.5,318,318.5,319,319.5,320
1684372664907300974,317.5,317,316.5,316,315.5,318,318.5,319,319.5,320
1684372667209055330,317.5,317,316.5,316,315.5,318,318.5,319,319.5,320
1684372669200862140,317.5,317,316.5,316,315.5,318,318.5,319,319.5,320
1684372669459081103,317.5,317,316.5,316,315.5,318,318.5,319,319.5,320
1684372669743801093,317,316.5,316,315.5,315,317.5,318,318.5,319,319.5
1684372669776478157,317,316.5,316,315.5,315,317.5,318,318.5,319,319.5
1684372669776478157,317,316.5,316,315.5,315,317.5,318,318.5,319,319.5
1684372669788727556,317,316.5,316,315.5,315,317.5,318,318.5,319,319.5
1684372670202474293,317,316.5,316,315.5,315,318,318.5,319,319.5,320
1684372670222916144,317,316.5,316,315.5,315,318,318.5,319,319.5,320
1684372670243320404,317,316.5,316,315.5,315,318,318.5,319,319.5,320
1684372671376792353,317,316.5,316,315.5,315,317.5,318,318.5,319,319.5
1684372671406012255,317,316.5,316,315.5,315,317.5,318,318.5,319,319.5
1684372671406012255,317,316.5,316,315.5,315,318,318.5,319,319.5,320
1684372672689668725,317,316.5,316,315.5,315,318,318.5,319,319.5,320
1684372672720398603,317,316.5,316,315.5,315,318,318.5,319,319.5,320
1684372673200698537,317,316.5,316,315.5,315,317.5,318,318.5,319,319.5
1684372673233428560,317,316.5,316,315.5,315,317.5,318,318.5,319,319.5
1684372673736215937,317,316.5,316,315.5,315,317.5,318,318.5,319,319.5
1684372673756768476,317,316.5,316,315.5,315,317.5,318,318.5,319,319.5
1684372674135750329,317,316.5,316,315.5,315,317.5,318,318.5,319,319.5
1684372674495669361,317,316.5,316,315.5,315,317.5,318,318.5,319,319.5
1684372674900049401,317,316.5,316,315.5,315,317.5,318,318.5,319,319.5
1684372675155698419,317,316.5,316,315.5,315,317.5,318,318.5,319,319.5
1684372678108890273,317,316.5,316,315.5,315,317.5,318,318.5,319,319.5
1684372678884148081,317,316.5,316,315.5,315,317.5,318,318.5,319,319.5
1684372678884183397,317,316.5,316,315.5,315,317.5,318,318.5,319,319.5
1684372679050937840,317,316.5,316,315.5,315,317.5,318,318.5,319,319.5
1684372680727767759,317,316.5,316,315.5,315,317.5,318,318.5,319,319.5
1684372680972035388,317,316.5,316,315.5,315,317.5,318,318.5,319,319.5
1684372681509665454,317,316.5,316,315.5,315,317.5,318,318.5,319,319.5
1684372681626241283,317,316.5,316,315.5,315,317.5,318,318.5,319,319.5
1684372681765752885,317,316.5,316,315.5,315,317.5,318,318.5,319,319.5
1684372682072719195,317,316.5,316,315.5,315,317.5,318,318.5,319,319.5
1684372682260220310,317,316.5,316,315.5,315,317.5,318,318.5,319,319.5
1684372682348361902,317,316.5,316,315.5,315,317.5,318,318.5,319,319.5
1684372682945265158,317,316.5,316,315.5,315,317.5,318,318.5,319,319.5
1684372683078775422,317,316.5,316,315.5,315,317.5,318,318.5,319,319.5
1684372683505534571,317,316.5,316,315.5,315,317.5,318,318.5,319,319.5
1684372683934355210,317,316.5,316,315.5,315,317.5,318,318.5,319,319.5
1684372684440246955,317,316.5,316,315.5,315,317.5,318,318.5,319,319.5
1684372684470932509,317,316.5,316,315.5,315,317.5,318,318.5,319,319.5
1684372684582692396,317,316.5,316,315.5,315,317.5,318,318.5,319,319.5
1684372685424353931,316.5,316,315.5,315,314.5,317,317.5,318,318.5,319
1684372685454443817,316.5,316,315.5,315,314.5,317,317.5,318,318.5,319
1684372685454443817,316.5,316,315.5,315,314.5,317.5,318,318.5,319,319.5
1684372685466291812,316.5,316,315.5,315,314.5,317.5,318,318.5,319,319.5
1684372685497025266,316.5,316,315.5,315,314.5,317.5,318,318.5,319,319.5
1684372686140622373,316.5,316,315.5,315,314.5,317.5,318,318.5,319,319.5
1684372686979781910,316.5,316,315.5,315,314.5,317,317.5,318,318.5,319
1684372687002814365,316.5,316,315.5,315,314.5,317,317.5,318,318.5,319
1684372687002814365,316.5,316,315.5,315,314.5,317.5,318,318.5,319,319.5
1684372687957892939,316.5,316,315.5,315,314.5,317.5,318,318.5,319,319.5
1684372687990450087,316.5,316,315.5,315,314.5,317.5,318,318.5,319,319.5
1684372688594878021,317,316.5,316,315.5,315,317.5,318,318.5,319,319.5
1684372688893800327,317,316.5,316,315.5,315,317.5,318,318.5,319,319.5
1684372688893907939,317,316.5,316,315.5,315,317.5,318,318.5,319,319.5
1684372689008475958,317,316.5,316,315.5,315,317.5,318,318.5,319,319.5
1684372693411712878,316.5,316,315.5,315,314.5,317.5,318,318.5,319,319.5
1684372693454846264,316.5,316,315.5,315,314.5,317.5,318,318.5,319,319.5
1684372693455323500,316.5,316,315.5,315,314.5,317.5,318,318.5,319,319.5
1684372693588804219,316.5,316,315.5,315,314.5,317.5,318,318.5,319,319.5
1684372694151231203,316.5,316,315.5,315,314.5,317.5,318,318.5,319,319.5
1684372694853428956,316.5,316,315.5,315,314.5,317.5,318,318.5,319,319.5
1684372695378067780,316.5,316,315.5,315,314.5,317.5,318,318.5,319,319.5
1684372695994153131,317,316.5,316,315.5,315,317.5,318,318.5,319,319.5
1684372696604557396,317,316.5,316,315.5,315,317.5,318,318.5,319,319.5
1684372696637310642,317,316.5,316,315.5,315,317.5,318,318.5,319,319.5
1684372696953877898,316.5,316,315.5,315,314.5,317,317.5,318,318.5,319
1684372696974608551,316.5,316,315.5,315,314.5,317,317.5,318,318.5,319
1684372697447512139,316.5,316,315.5,315,314.5,317,317.5,318,318.5,319
1684372697459518462,316.5,316,315.5,315,314.5,317,317.5,318,318.5,319
1684372697573201249,316.5,316,315.5,315,314.5,317,317.5,318,318.5,319
1684372697594584427,316.5,316,315.5,315,314.5,317,317.5,318,318.5,319
1684372698038059541,316.5,316,315.5,315,314.5,317,317.5,318,318.5,319
1684372698128114696,316.5,316,315.5,315,314.5,317,317.5,318,318.5,319
1684372699299640784,316.5,316,315.5,315,314.5,317,317.5,318,318.5,319
1684372699753361885,316.5,316,315.5,315,314.5,317,317.5,318,318.5,319
1684372700934031801,316.5,316,315.5,315,314.5,317,317.5,318,318.5,319
1684372700989867627,316.5,316,315.5,315,314.5,317,317.5,318,318.5,319
1684372701611970406,316.5,316,315.5,315,314.5,317,317.5,318,318.5,319
1684372702092333550,316.5,316,315.5,315,314.5,317,317.5,318,318.5,319
1684372702274821132,316.5,316,315.5,315,314.5,317,317.5,318,318.5,319
1684372702758829500,316.5,316,315.5,315,314.5,317,317.5,318,318.5,319
1684372702758829500,316.5,316,315.5,315,314.5,317,317.5,318,318.5,319
1684372702814344313,316.5,316,315.5,315,314.5,317,317.5,318,318.5,319
1684372702951724744,316.5,316,315.5,315,314.5,317,317.5,318,318.5,319
1684372702961564178,316.5,316,315.5,315,314.5,317,317.5,318,318.5,319
1684372704416675296,316.5,316,315.5,315,314.5,317,317.5,318,318.5,319
1684372704770896670,316.5,316,315.5,315,314.5,317,317.5,318,318.5,319
1684372705555354342,316.5,316,315.5,315,314.5,317,317.5,318,318.5,319
1684372705728474546,316.5,316,315.5,315,314.5,317,317.5,318,318.5,319
1684372706033416505,316.5,316,315.5,315,314.5,317,317.5,318,318.5,319
1684372706920488151,316.5,316,315.5,315,314.5,317,317.5,318,318.5,319
1684372706920488151,316.5,316,315.5,315,314.5,317,317.5,318,318.5,319
1684372707467254642,316.5,316,315.5,315,314.5,317,317.5,318,318.5,319
1684372709492695682,316.5,316,315.5,315,314.5,317,317.5,318,318.5,319
1684372710321487313,316.5,316,315.5,315,314.5,317,317.5,318,318.5,319
1684372710439115398,316.5,316,315.5,315,314.5,317,317.5,318,318.5,319
1684372710914259282,316.5,316,315.5,315,314.5,317,317.5,318,318.5,319
1684372711607369723,316.5,316,315.5,315,314.5,317,317.5,318,318.5,319
1684372711722003405,316.5,316,315.5,315,314.5,317,317.5,318,318.5,319
1684372711946499091,316.5,316,315.5,315,314.5,317,317.5,318,318.5,319
1684372712199115926,316.5,316,315.5,315,314.5,317,317.5,318,318.5,319
1684372712988823064,316.5,316,315.5,315,314.5,317,317.5,318,318.5,319
1684372713817078999,316.5,316,315.5,315,314.5,317,317.5,318,318.5,319
1684372714052923834,316.5,316,315.5,315,314.5,317,317.5,318,318.5,319
1684372715660213898,316.5,316,315.5,315,314.5,317,317.5,318,318.5,319
1684372717621324253,316.5,316,315.5,315,314.5,317,317.5,318,318.5,319
1684372718332039608,316.5,316,315.5,315,314.5,317,317.5,318,318.5,319
1684372718961898831,316.5,316,315.5,315,314.5,317,317.5,318,318.5,319
1684372719497667733,316.5,316,315.5,315,314.5,317,317.5,318,318.5,319
1684372721424615115,316.5,316,315.5,315,314.5,317,317.5,318,318.5,319
1684372724015260564,316.5,316,315.5,315,314.5,317,317.5,318,318.5,319
1684372725775477709,316.5,316,315.5,315,314.5,317,317.5,318,318.5,319
1684372729243020922,316.5,316,315.5,315,314.5,317,317.5,318,318.5,319
1684372729499137588,316.5,316,315.5,315,314.5,317,317.5,318,318.5,319
1684372729660615744,316.5,316,315.5,315,314.5,317,317.5,318,318.5,319
1684372730350644669,316.5,316,315.5,315,314.5,317,317.5,318,318.5,319
1684372730372261206,316.5,316,315.5,315,314.5,317,317.5,318,318.5,319
1684372731905197787,316.5,316,315.5,315,314.5,317,317.5,318,318.5,319
1684372731989151756,316.5,316,315.5,315,314.5,317,317.5,318,318.5,319
1684372732171229639,316.5,316,315.5,315,314.5,317,317.5,318,318.5,319
1684372732480865812,316.5,316,315.5,315,314.5,317,317.5,318,318.5,319
1684372732944037056,316.5,316,315.5,315,314.5,317,317.5,318,318.5,319
1684372733936831464,316.5,316,315.5,315,314.5,317,317.5,318,318.5,319
1684372734050576418,316.5,316,315.5,315,314.5,317,317.5,318,318.5,319
1684372735566132325,316.5,316,315.5,315,314.5,317,317.5,318,318.5,319
1684372735950840310,316.5,316,315.5,315,314.5,317.5,318,318.5,319,319.5
1684372736535943701,317,316.5,316,315.5,315,317.5,318,318.5,319,319.5
1684372736752947309,317,316.5,316,315.5,315,317.5,318,318.5,319,319.5
1684372737391008472,317,316.5,316,315.5,315,317.5,318,318.5,319,319.5
1684372739089744622,317,316.5,316,315.5,315,317.5,318,318.5,319,319.5
1684372739367266608,317,316.5,316,315.5,315,317.5,318,318.5,319,319.5
1684372739926266207,317,316.5,316,315.5,315,317.5,318,318.5,319,319.5
1684372741211352172,317,316.5,316,315.5,315,317.5,318,318.5,319,319.5
1684372741244593795,317,316.5,316,315.5,315,317.5,318,318.5,319,319.5
1684372743554293971,317,316.5,316,315.5,315,317.5,318,318.5,319,319.5
1684372744023518832,317,316.5,316,315.5,315,317.5,318,318.5,319,319.5
1684372745517354939,317,316.5,316,315.5,315,317.5,318,318.5,319,319.5
1684372746735101670,317,316.5,316,315.5,315,317.5,318,318.5,319,319.5
1684372747312548545,317,316.5,316,315.5,315,317.5,318,318.5,319,319.5
1684372748999107762,317,316.5,316,315.5,315,317.5,318,318.5,319,319.5
1684372751639990105,317,316.5,316,315.5,315,317.5,318,318.5,319,319.5
1684372751930758683,317,316.5,316,315.5,315,317.5,318,318.5,319,319.5
1684372752412047034,317,316.5,316,315.5,315,317.5,318,318.5,319,319.5
1684372752766446833,317,316.5,316,315.5,315,317.5,318,318.5,319,319.5
1684372754367822302,317,316.5,316,315.5,315,317.5,318,318.5,319,319.5
1684372755598786600,317,316.5,316,315.5,315,317.5,318,318.5,319,319.5
1684372755702226295,317,316.5,316,315.5,315,317.5,318,318.5,319,319.5
1684372757056940311,317,316.5,316,315.5,315,317.5,318,318.5,319,319.5
1684372760137105657,317,316.5,316,315.5,315,317.5,318,318.5,319,319.5
1684372760769490221,317,316.5,316,315.5,315,317.5,318,318.5,319,319.5
1684372760789499340,317,316.5,316,315.5,315,317.5,318,318.5,319,319.5
1684372760810053141,317,316.5,316,315.5,315,317.5,318,318.5,319,319.5
1684372760820309858,317,316.5,316,315.5,315,317.5,318,318.5,319,319.5
1684372760830523956,317,316.5,316,315.5,315,317.5,318,318.5,319,319.5
1684372760830632570,316.5,316,315.5,315,314.5,317.5,318,318.5,319,319.5
1684372760830632570,316.5,316,315.5,315,314.5,317,317.5,318,318.5,319
1684372760840767259,316.5,316,315.5,315,314.5,317,317.5,318,318.5,319
1684372760851258978,316.5,316,315.5,315,314.5,317,317.5,318,318.5,319
1684372760851341803,316.5,316,315.5,315,314.5,317,317.5,318,318.5,319
1684372760863264669,316.5,316,315.5,315,314.5,317,317.5,318,318.5,319
1684372760887823941,316.5,316,315.5,315,314.5,317,317.5,318,318.5,319
1684372760906811110,316.5,316,315.5,315,314.5,317,317.5,318,318.5,319
1684372760906811110,316.5,316,315.5,315,314.5,317,317.5,318,318.5,319
1684372760918551935,316.5,316,315.5,315,314.5,317,317.5,318,318.5,319
1684372760918620433,316,315.5,315,314.5,314,317,317.5,318,318.5,319
1684372760918620433,316,315.5,315,314.5,314,317,317.5,318,318.5,319
1684372760928880157,316,315.5,315,314.5,314,317,317.5,318,318.5,319
1684372760951500077,316,315.5,315,314.5,314,316.5,317,317.5,318,318.5
1684372760951500077,316,315.5,315,314.5,314,316.5,317,317.5,318,318.5
1684372760951500077,316,315.5,315,314.5,314,316.5,317,317.5,318,318.5
1684372760951500077,316,315.5,315,314.5,314,316.5,317,317.5,318,318.5
1684372760951630832,316,315.5,315,314.5,314,316.5,317,317.5,318,318.5
1684372760961771081,316,315.5,315,314.5,314,316.5,317,317.5,318,318.5
1684372760984565970,316,315.5,315,314.5,314,316.5,317,317.5,318,318.5
1684372760984565970,316,315.5,315,314.5,314,316.5,317,317.5,318,318.5
1684372760984565970,316,315.5,315,314.5,314,316.5,317,317.5,318,318.5
1684372760984620232,316,315.5,315,314.5,314,316.5,317,317.5,318,318.5
1684372760984704450,316,315.5,315,314.5,314,316.5,317,317.5,318,318.5
1684372760984704450,316,315.5,315,314.5,314,316.5,317,317.5,318,318.5
1684372760984704450,316,315.5,315,314.5,314,316.5,317,317.5,318,318.5
1684372760994230456,316,315.5,315,314.5,314,316.5,317,317.5,318,318.5
1684372760994230456,316,315.5,315,314.5,314,316.5,317,317.5,318,318.5
1684372761015821204,316,315.5,315,314.5,314,316.5,317,317.5,318,318.5
1684372761026034180,316,315.5,315,314.5,314,316.5,317,317.5,318,318.5
1684372761134397439,316,315.5,315,314.5,314,316.5,317,317.5,318,318.5
1684372761156258555,316,315.5,315,314.5,314,316.5,317,317.5,318,318.5
1684372761156258555,315.5,315,314.5,314,313.5,316.5,317,317.5,318,318.5
1684372761189709251,315.5,315,314.5,314,313.5,316,316.5,317,317.5,318
1684372761201317386,315.5,315,314.5,314,313.5,316,316.5,317,317.5,318
1684372761233951438,315.5,315,314.5,314,313,316,316.5,317,317.5,318
1684372761234058710,315.5,315,314.5,314,313,316,316.5,317,317.5,318
1684372761234058710,315.5,315,314.5,314,313,316,316.5,317,317.5,318
1684372761268811911,315.5,315,314.5,314,313,316,316.5,317,317.5,318
1684372761453121925,315.5,315,314.5,314,313,316,316.5,317,317.5,318
1684372761465469960,315.5,315,314.5,314,313,316,316.5,317,317.5,318
1684372764131906442,315.5,315,314.5,314,313,316,316.5,317,317.5,318
1684372764907439407,315.5,315,314.5,314,313,316,316.5,317,317.5,318
1684372764950081070,315.5,315,314.5,314,313,316,316.5,317,317.5,318
1684372766473802208,315,314.5,314,313,312.5,315.5,316,316.5,317,317.5
1684372766508661379,315,314.5,314,313,312.5,315.5,316,316.5,317,317.5
1684372766508661379,315,314.5,314,313,312.5,315.5,316,316.5,317,317.5
1684372766521077501,315,314.5,314,313,312.5,315.5,316,316.5,317,317.5
1684372766542307942,315,314.5,314,313,312.5,315.5,316,316.5,317,317.5
1684372766715341765,315,314.5,314,313,312.5,315.5,316,316.5,317,317.5
1684372766756394584,315,314.5,314,313,312.5,315.5,316,316.5,317.5,318
1684372767158827479,315,314.5,314,313,312.5,315.5,316,316.5,317.5,318
1684372767181359544,315,314.5,314,313,312.5,315.5,316,316.5,317.5,318
1684372768139800121,315,314.5,314,313,312.5,315.5,316,316.5,317.5,318
1684372768479807547,315,314.5,314,313,312.5,315.5,316,316.5,317.5,318
1684372769454695064,315,314.5,314,313,312.5,315.5,316,316.5,317.5,318
1684372769465170231,315,314.5,314,313,312.5,315.5,316,316.5,317.5,318
1684372770124081952,315,314.5,314,313,312.5,315.5,316,316.5,317.5,318
1684372771921499414,315,314.5,314,313,312.5,315.5,316,316.5,317.5,318
1684372772261493195,315,314.5,314,313,312.5,315.5,316,316.5,317.5,318
1684372773043081439,315,314.5,314,313,312.5,315.5,316,316.5,317.5,318
1684372773405447105,315,314.5,314,313,312.5,315.5,316,316.5,317.5,318
1684372774029007471,315,314.5,314,313,312.5,315.5,316,316.5,317.5,318
1684372774739573316,315,314.5,314,313,312.5,315.5,316,316.5,317.5,318
1684372775138418134,315,314.5,314,313,312.5,315.5,316,316.5,317.5,318
1684372775921306890,315,314.5,314,313,312.5,315.5,316,316.5,317.5,318
1684372776047193110,315,314.5,314,313.5,313,315.5,316,316.5,317.5,318
1684372776058437732,315,314.5,314,313.5,313,315.5,316,316.5,317.5,318
1684372777455249660,315,314.5,314,313.5,313,315.5,316,316.5,317.5,318
1684372781957895549,315,314.5,314,313.5,313,315.5,316,316.5,317.5,318
1684372783208517265,315.5,315,314.5,314,313.5,316,316.5,317.5,318,318.5
1684372783230684626,315.5,315,314.5,314,313.5,316,316.5,317.5,318,318.5
1684372783230684626,315.5,315,314.5,314,313.5,316,316.5,317.5,318,318.5
1684372783230737936,315.5,315,314.5,314,313.5,316,317.5,318,318.5,319
1684372783230737936,315.5,315,314.5,314,313.5,316,317.5,318,318.5,319
1684372783230737936,315.5,315,314.5,314,313.5,316,317.5,318,318.5,319
1684372783230737936,315.5,315,314.5,314,313.5,316,317.5,318,318.5,319
1684372783253184891,315.5,315,314.5,314,313.5,316,317.5,318,318.5,319
1684372784140013331,315.5,315,314.5,314,313.5,316,317.5,318,318.5,319
1684372784140013331,315,314.5,314,313.5,313,316,317.5,318,318.5,319
1684372784170725385,315,314.5,314,313.5,313,316,317.5,318,318.5,319
1684372784201587300,315,314.5,314,313.5,313,316,317.5,318,318.5,319
1684372787444531806,315,314.5,314,313.5,313,315.5,316,317.5,318,318.5
1684372787475258437,315,314.5,314,313.5,313,315.5,316,317.5,318,318.5
1684372789115690218,315,314.5,314,313.5,313,315.5,316,317.5,318,318.5
1684372789781296408,315,314.5,314,313.5,313,315.5,316,317.5,318,318.5
1684372794392464565,315,314.5,314,313.5,313,315.5,316,317.5,318,318.5
1684372794415073865,315,314.5,314,313.5,313,315.5,316,317.5,318,318.5
1684372795320207074,315,314.5,314,313.5,313,315.5,316,317.5,318,318.5
1684372795513766334,315,314.5,314,313.5,313,315.5,316,317.5,318,318.5
1684372795513766334,315,314.5,314,313.5,313,315.5,316,317.5,318,318.5
1684372795612054697,315,314.5,314,313.5,313,315.5,316,317.5,318,318.5
1684372796179231960,315,314.5,314,313.5,313,315.5,316,317.5,318,318.5
1684372796246887127,315,314.5,314,313.5,313,315.5,316,317.5,318,318.5
1684372796857231911,315,314.5,314,313.5,313,315.5,316,317,317.5,318
1684372797511546811,315,314.5,314,313.5,313,316,317,317.5,318,318.5
1684372797552617955,315,314.5,314,313.5,313,315.5,316,317,317.5,318
1684372797584927548,315,314.5,314,313.5,313,316,317,317.5,318,318.5
1684372800600321773,315,314.5,314,313.5,313,316,317,317.5,318,318.5
1684372800634893614,315,314.5,314,313.5,313,316,317,317.5,318,318.5
1684372801346482850,315,314.5,314,313.5,313,316,317,317.5,318,318.5
1684372802169866548,315.5,315,314.5,314,313.5,316,317,317.5,318,318.5
1684372802200572761,315.5,315,314.5,314,313.5,316,317,317.5,318,318.5
1684372802461776890,315.5,315,314.5,314,313.5,316,317,317.5,318,318.5
1684372802664546293,315.5,315,314.5,314,313.5,316,317,317.5,318,318.5
1684372803732412202,315.5,315,314.5,314,313.5,316,317,317.5,318,318.5
1684372804262213089,315.5,315,314.5,314,313.5,316,317,317.5,318,318.5
1684372805155875250,315.5,315,314.5,314,313.5,316,317,317.5,318,318.5
1684372805369790540,315.5,315,314.5,314,313.5,316,317,317.5,318,318.5
1684372806353909840,315.5,315,314.5,314,313.5,316,317,317.5,318,318.5
1684372809738348671,315.5,315,314.5,314,313.5,316,317,317.5,318,318.5
1684372810673142840,315.5,315,314.5,314,313.5,316,317,317.5,318,318.5
1684372812463785521,315.5,315,314.5,314,313.5,316,317,317.5,318,318.5
1684372812846311870,315.5,315,314.5,314,313.5,316,317,317.5,318,318.5
1684372814126228099,315.5,315,314.5,314,313.5,316,317,317.5,318,318.5
1684372815000884886,315.5,315,314.5,314,313.5,316,317,317.5,318,318.5
1684372816382239953,315.5,315,314.5,314,313.5,316,317,317.5,318,318.5
1684372819986604439,316,315.5,315,314.5,314,317,317.5,318,318.5,319
1684372820018290091,316,315.5,315,314.5,314,317,317.5,318,318.5,319
1684372820018404556,316,315.5,315,314.5,314,317,317.5,318,318.5,319
1684372820018404556,316,315.5,315,314.5,314,317,317.5,318,318.5,319
1684372820049154992,316,315.5,315,314.5,314,317,317.5,318,318.5,319
1684372820049154992,315.5,315,314.5,314,313.5,317,317.5,318,318.5,319
1684372820081889793,315.5,315,314.5,314,313.5,316.5,317,317.5,318,318.5
1684372820082268194,315.5,315,314.5,314,313.5,316.5,317,317.5,318,318.5
1684372820114966187,315.5,315,314.5,314,313.5,316.5,317,317.5,318,318.5
1684372820114966187,315,314.5,314,313.5,313,316.5,317,317.5,318,318.5
1684372820147484472,315,314.5,314,313.5,313,316.5,317,317.5,318,318.5
1684372820178149808,315,314.5,314,313.5,313,316.5,317,317.5,318,318.5
1684372820554830712,315,314.5,314,313.5,313,316.5,317,317.5,318,318.5
1684372821256835333,315,314.5,314,313.5,313,316.5,317,317.5,318,318.5
1684372821287270597,315,314.5,314,313.5,313,316.5,317,317.5,318,318.5
1684372822253215263,315.5,315,314.5,314,313.5,316.5,317,317.5,318,318.5
1684372822285932351,315.5,315,314.5,314,313.5,316.5,317,317.5,318,318.5
1684372822285932351,315,314.5,314,313.5,313,316.5,317,317.5,318,318.5
1684372822320401399,314.5,314,313.5,313,312.5,316.5,317,317.5,318,318.5
1684372822332370432,314.5,314,313.5,313,312.5,316.5,317,317.5,318,318.5
1684372822365383065,314.5,314,313.5,313,312.5,316.5,317,317.5,318,318.5
1684372822542348740,314.5,314,313.5,313,312.5,316.5,317,317.5,318,318.5
1684372822750372349,314.5,314,313.5,313,312.5,316.5,317,317.5,318,318.5
1684372825939219153,314.5,314,313.5,313,312.5,316.5,317,317.5,318,318.5
1684372825959653339,314.5,314,313.5,313,312.5,316.5,317,317.5,318,318.5
1684372826388788279,314.5,314,313.5,313,312.5,316.5,317,317.5,318,318.5
1684372826413351598,314.5,314,313.5,313,312.5,316.5,317,317.5,318,318.5
1684372827124738014,314.5,314,313.5,313,312.5,315.5,316.5,317,317.5,318
1684372827144667984,314.5,314,313.5,313,312.5,315.5,316.5,317,317.5,318
1684372827144667984,314.5,314,313.5,313,312.5,315.5,316.5,317,317.5,318
1684372827175126472,314.5,314,313.5,313,312.5,315.5,316.5,317,317.5,318
1684372827945305505,314.5,314,313.5,313,312.5,315.5,316.5,317,317.5,318
1684372827955430725,314.5,314,313.5,313,312.5,315.5,316.5,317,317.5,318
1684372828921045542,314.5,314,313.5,313,312.5,315.5,316,316.5,317,317.5
1684372829210095663,315,314.5,314,313.5,313,315.5,316,316.5,317,317.5
1684372829244118022,315,314.5,314,313.5,313,315.5,316,316.5,317,317.5
1684372829244118022,314.5,314,313.5,313,312.5,315.5,316,316.5,317,317.5
1684372829244118022,314.5,314,313.5,313,312.5,315,315.5,316,316.5,317
1684372829276408891,314.5,314,313.5,313,312.5,315,315.5,316,316.5,317
1684372829276408891,314.5,314,313.5,313,312.5,315,315.5,316,316.5,317
1684372830123740933,314.5,314,313.5,313,312.5,315,315.5,316,316.5,317
1684372830123740933,314.5,314,313.5,313,312.5,315,315.5,316,316.5,317
1684372830142911177,314.5,314,313.5,313,312.5,315,315.5,316,316.5,317
1684372830143120480,314,313.5,313,312.5,312,315,315.5,316,316.5,317
1684372830143120480,314,313.5,313,312.5,312,314.5,315,315.5,316,316.5
1684372830164168599,314,313.5,313,312.5,312,314.5,315,315.5,316,316.5
1684372830174562685,314,313.5,313,312.5,312,314.5,315,315.5,316,316.5
1684372831128196566,314,313.5,313,312.5,312,314.5,315,315.5,316,316.5
1684372831138252878,314,313.5,313,312.5,312,314.5,315,315.5,316,316.5
1684372831383018622,314,313.5,313,312.5,312,314.5,315,315.5,316,316.5
1684372835037529923,314,313.5,313,312.5,312,314.5,315,315.5,316,316.5
1684372835923762975,314,313.5,313,312.5,312,314.5,315,315.5,316,316.5
1684372835933704821,314,313.5,313,312.5,312,314.5,315,315.5,316,316.5
1684372835989943102,314,313,312.5,312,311.5,314.5,315,315.5,316,316.5
1684372836630850369,314,313,312.5,312,311.5,314.5,315,315.5,316,316.5
1684372836684080582,314,313,312.5,312,311.5,314.5,315,315.5,316,316.5
1684372836729180019,314,313,312.5,312,311.5,314.5,315,315.5,316,316.5
1684372836780301774,314,313,312.5,312,311.5,314.5,315,315.5,316,316.5
1684372838332734701,314,313.5,313,312.5,312,314.5,315,315.5,316,316.5
1684372838418800535,314,313.5,313,312.5,312,314.5,315,315.5,316,316.5
1684372838670619342,314,313.5,313,312.5,312,314.5,315,315.5,316,316.5
1684372838818083747,314,313.5,313,312.5,312,314.5,315,315.5,316,316.5
1684372840427521123,314,313.5,313,312.5,312,314.5,315,315.5,316,316.5
1684372840665656078,314,313.5,313,312.5,312,314.5,315,315.5,316,316.5
1684372842594835432,314,313.5,313,312.5,312,314.5,315,315.5,316,316.5
1684372843075909481,314,313.5,313,312.5,312,314.5,315,315.5,316,316.5
1684372843118969038,314,313.5,313,312.5,312,314.5,315,315.5,316,316.5
1684372843554140662,314,313.5,313,312.5,312,314.5,315,315.5,316,316.5
1684372843710905218,314,313.5,313,312.5,312,314.5,315,315.5,316,316.5
1684372843921108719,314,313.5,313,312.5,312,314.5,315,315.5,316,316.5
1684372844015891320,314,313.5,313,312.5,312,314.5,315,315.5,316,316.5
1684372844197223714,314,313.5,313,312.5,312,314.5,315,315.5,316,316.5
1684372845704574095,314,313.5,313,312.5,312,314.5,315,315.5,316,316.5
1684372846664086795,314,313.5,313,312.5,312,314.5,315,315.5,316,316.5
1684372846770973562,314,313.5,313,312.5,312,314.5,315,315.5,316,316.5
1684372847341990415,314,313.5,313,312.5,312,314.5,315,315.5,316,316.5
1684372848021150684,314,313.5,313,312.5,312,314.5,315,315.5,316,316.5
1684372849189363963,314,313.5,313,312.5,312,314.5,315,315.5,316,316.5
1684372850397895272,314,313.5,313,312.5,312,314.5,315,315.5,316,316.5
1684372851460292805,314,313.5,313,312.5,312,314.5,315,315.5,316,316.5
1684372851517840655,314,313.5,313,312.5,312,314.5,315,315.5,316,316.5
1684372853128706624,314,313.5,313,312.5,312,314.5,315,315.5,316,316.5
1684372854407649385,314,313.5,313,312.5,312,314.5,315,315.5,316,316.5
1684372854800143629,314,313.5,313,312.5,312,314.5,315,315.5,316,316.5
1684372855166433052,314,313.5,313,312.5,312,314.5,315,315.5,316,316.5
1684372856168067939,314,313.5,313,312.5,312,314.5,315,315.5,316,316.5
1684372857588782667,314,313.5,313,312.5,312,314.5,315,315.5,316,316.5
1684372858899210003,314,313.5,313,312.5,312,314.5,315,315.5,316,316.5
1684372859118166949,314,313.5,313,312.5,312,314.5,315,315.5,316,316.5
1684372859310842250,314,313.5,313,312.5,312,314.5,315,315.5,316,316.5
1684372859511333415,314,313.5,313,312.5,312,314.5,315,315.5,316,316.5
1684372859724338577,314,313.5,313,312.5,312,314.5,315,315.5,316,316.5
1684372860336766532,314,313.5,313,312.5,312,314.5,315,315.5,316,316.5
1684372862271177138,314,313.5,313,312.5,312,314.5,315,315.5,316,316.5
1684372862870250649,314,313.5,313,312.5,312,314.5,315,315.5,316,316.5
1684372863732292330,314,313.5,313,312.5,312,314.5,315,315.5,316,316.5
1684372864121476329,314,313.5,313,312.5,312,314.5,315,315.5,316,316.5
1684372866059292370,314,313.5,313,312.5,312,314.5,315,315.5,316,316.5
1684372866317931151,314,313.5,313,312.5,312,314.5,315,315.5,316,316.5
1684372866452151148,314,313.5,313,312.5,312,314.5,315,315.5,316,316.5
1684372866779842751,314,313.5,313,312.5,312,314.5,315,315.5,316,316.5
1684372866779994617,314,313.5,313,312.5,312,314.5,315,315.5,316,316.5
1684372866971266673,314,313.5,313,312.5,312,314.5,315,315.5,316,316.5
1684372867288962528,314,313.5,313,312.5,312,314.5,315,315.5,316,316.5
1684372867320820293,314,313.5,313,312.5,312,314.5,315,315.5,316,316.5
1684372867855058512,314,313.5,313,312.5,312,314.5,315,315.5,316,316.5
1684372867875755762,314,313.5,313,312.5,312,314.5,315,315.5,316,316.5
1684372870178539544,314,313.5,313,312.5,312,314.5,315,315.5,316,316.5
1684372870529990126,314,313.5,313,312.5,312,315,315.5,316,316.5,317
1684372870560838426,314,313.5,313,312.5,312,315,315.5,316,316.5,317
1684372870561712848,314,313.5,313,312.5,312,315,315.5,316,316.5,317
1684372870561712848,314,313.5,313,312.5,312,315,315.5,316,316.5,317
1684372870595334525,314,313.5,313,312.5,312,315,315.5,316,316.5,317
1684372871493309874,314.5,314,313.5,313,312.5,315,315.5,316,316.5,317
1684372871537387272,314.5,314,313.5,313,312.5,315,315.5,316,316.5,317
1684372871867043734,314.5,314,313.5,313,312.5,315,315.5,316,316.5,317
1684372872268841757,314.5,314,313.5,313,312.5,315,315.5,316,316.5,317
1684372872800332256,314.5,314,313.5,313,312.5,315,315.5,316,316.5,317
1684372877918973721,314.5,314,313.5,313,312.5,315,315.5,316,316.5,317
1684372878300138794,314.5,314,313.5,313,312.5,315,315.5,316,316.5,317
1684372878509759561,314.5,314,313.5,313,312.5,315,315.5,316,316.5,317
1684372878542852846,314,313.5,313,312.5,312,314.5,315,315.5,316,316.5
1684372878577443072,314,313.5,313,312.5,312,314.5,315,315.5,316,316.5
1684372878577443072,314,313.5,313,312.5,312,314.5,315,315.5,316,316.5
1684372878577542759,314,313.5,313,312.5,312,314.5,315,315.5,316,316.5
1684372878588000254,314,313.5,313,312.5,312,314.5,315,315.5,316,316.5
1684372878588000254,314,313.5,313,312.5,312,314.5,315,315.5,316,316.5
1684372878598916179,314,313.5,313,312.5,312,314.5,315,315.5,316,316.5
1684372878598916179,314,313.5,313,312.5,312,314.5,315,315.5,316,316.5
1684372879049549734,314,313.5,313,312.5,312,314.5,315,315.5,316,316.5
1684372880239539039,314,313.5,313,312.5,312,314.5,315,315.5,316,316.5
1684372881820552358,314,313.5,313,312.5,312,314.5,315,315.5,316,316.5
1684372882716438254,314,313.5,313,312.5,312,314.5,315,315.5,316,316.5
1684372882726993012,314,313.5,313,312.5,312,314.5,315,315.5,316,316.5
1684372882770808067,314,313.5,313,312.5,312,315,315.5,316,316.5,317
1684372882793300719,314,313.5,313,312.5,312,315,315.5,316,316.5,317
1684372882828333265,314,313.5,313,312.5,312,315,315.5,316,316.5,317
1684372883406614968,314,313.5,313,312.5,312,314.5,315,315.5,316,316.5
1684372883437328755,314,313.5,313,312.5,312,314.5,315,315.5,316,316.5
1684372883437328755,314,313.5,313,312.5,312,314.5,315,315.5,316,316.5
1684372883449721193,314,313.5,313,312.5,312,314.5,315,315.5,316,316.5
1684372883776358446,314,313.5,313,312.5,312,314.5,315,315.5,316,316.5
1684372884130661945,314,313.5,313,312.5,312,314.5,315,315.5,316,316.5
1684372884664221409,314,313.5,313,312.5,312,314.5,315,315.5,316,316.5
1684372884976495514,314,313.5,313,312.5,312,314.5,315,315.5,316.5,317
1684372885432082119,314,313.5,313,312.5,312,314.5,315,315.5,316.5,317
1684372885713847292,314,313.5,313,312.5,312,314.5,315,316.5,317,317.5
1684372887757018534,314,313.5,313,312.5,312,314.5,315,316.5,317,317.5
1684372887875443996,314,313.5,313,312.5,312,314.5,315,316.5,317,317.5
1684372888653572154,314,313.5,313,312.5,312,314.5,315,316.5,317,317.5
1684372891479884526,314,313.5,313,312.5,312,314.5,315,316.5,317,317.5
1684372892053370345,314,313.5,313,312.5,312,314.5,315,316.5,317,317.5
1684372894311521807,314,313.5,313,312.5,312,314.5,315,316.5,317,317.5
1684372894663597563,314,313.5,313,312.5,312,314.5,315,315.5,316.5,317
1684372897741816196,314,313.5,313,312.5,312,314.5,315,315.5,316.5,317
1684372900840460781,314,313.5,313,312.5,312,314.5,315,315.5,316.5,317
1684372901305601604,314,313.5,313,312.5,312,314.5,315,315.5,316.5,317
1684372902271149195,314,313.5,313,312.5,312,314.5,315,315.5,316.5,317
1684372903078942842,314,313.5,313,312.5,312,314.5,315,315.5,316.5,317
1684372903538679278,314,313.5,313,312.5,312,314.5,315,315.5,316.5,317
1684372904440890461,314,313.5,313,312.5,312,314.5,315,315.5,316.5,317
1684372905172060763,314,313.5,313,312.5,312,314.5,315,315.5,316.5,317
1684372909283839485,314,313.5,313,312.5,312,314.5,315,315.5,316.5,317
1684372913722688004,314,313.5,313,312.5,312,314.5,315,315.5,316.5,317
1684372914664559852,314,313.5,313,312.5,312,314.5,315,315.5,316.5,317
1684372915167493995,314,313.5,313,312.5,312,314.5,315,315.5,316.5,317
1684372915401837520,314,313.5,313,312.5,312,314.5,315,315.5,316.5,317
1684372916698166065,314,313.5,313,312.5,312,314.5,315,315.5,316.5,317
1684372917543039973,314,313.5,313,312.5,312,314.5,315,315.5,316.5,317
1684372917649434556,314,313.5,313,312.5,312,314.5,315,315.5,316.5,317
1684372919953783848,314,313.5,313,312.5,312,314.5,315,315.5,316.5,317
1684372920823036659,314,313.5,313,312.5,312,314.5,315,315.5,316.5,317
1684372920864960734,314,313.5,313,312.5,312,314.5,315,315.5,316.5,317
1684372930363804206,314,313.5,313,312.5,312,314.5,315,315.5,316.5,317
1684372930397582667,314,313.5,313,312.5,312,314.5,315,315.5,316.5,317
1684372934652599971,314,313.5,313,312.5,312,314.5,315,315.5,316.5,317
1684372936550716052,314,313.5,313,312.5,312,314.5,315,315.5,316.5,317
1684372940359010684,314,313.5,313,312.5,312,314.5,315,315.5,316.5,317
1684372943176178347,314,313.5,313,312.5,312,314.5,315,315.5,316.5,317
1684372946610701607,314,313.5,313,312.5,312,314.5,315,315.5,316.5,317
1684372948369892307,314,313.5,313,312.5,312,314.5,315,315.5,316.5,317
1684372950301199708,314,313.5,313,312.5,312,314.5,315,315.5,316.5,317
1684372950475354906,314,313.5,313,312.5,312,314.5,315,315.5,316.5,317
1684372950611446157,314,313.5,313,312.5,312,314.5,315,315.5,316.5,317
1684372951062179539,314,313.5,313,312.5,312,314.5,315,315.5,316.5,317
1684372954968603487,314,313.5,313,312.5,312,314.5,315,315.5,316.5,317
1684372959375031291,314,313.5,313,312.5,312,314.5,315,315.5,316.5,317
1684372959720703012,314,313.5,313,312.5,312,314.5,315,315.5,316.5,317
1684372959982150217,314,313.5,313,312.5,312,314.5,315,315.5,316.5,317
1684372961528778301,314,313.5,313,312.5,312,314.5,315,315.5,316.5,317
1684372962108146350,314,313.5,313,312.5,312,314.5,315,315.5,316.5,317
1684372962942567457,314,313.5,313,312.5,312,314.5,315,315.5,316.5,317
1684372963293794269,314,313.5,313,312.5,312,314.5,315,315.5,316.5,317
1684372964080064814,314,313.5,313,312.5,312,314.5,315,315.5,316.5,317
1684372964098992695,314,313.5,313,312.5,312,314.5,315,315.5,316.5,317
1684372964098992695,314,313.5,313,312.5,312,315,315.5,316.5,317,317.5
1684372964120075912,314.5,314,313.5,313,312.5,315,315.5,316.5,317,317.5
1684372964121189944,314.5,314,313.5,313,312.5,315.5,316.5,317,317.5,318
1684372964121189944,314.5,314,313.5,313,312.5,315.5,316.5,317,317.5,318
1684372964152109521,314.5,314,313.5,313,312.5,315,315.5,316.5,317,317.5
1684372964152109521,314.5,314,313.5,313,312.5,315,315.5,316.5,317,317.5
1684372964162408169,314.5,314,313.5,313,312.5,315,315.5,316.5,317,317.5
1684372964182791452,314.5,314,313.5,313,312.5,315.5,316.5,317,317.5,318
1684372964194967294,314.5,314,313.5,313,312.5,315.5,316.5,317,317.5,318
1684372964228029465,314.5,314,313.5,313,312.5,315.5,316.5,317,317.5,318
1684372964802231322,314.5,314,313.5,313,312.5,315.5,316.5,317,317.5,318
1684372964837177270,314,313.5,313,312.5,312,315.5,316.5,317,317.5,318
1684372964869904852,314,313.5,313,312.5,312,315.5,316.5,317,317.5,318
1684372964902578953,314,313.5,313,312.5,312,315.5,316.5,317,317.5,318
1684372965278357476,314,313.5,313,312.5,312,315.5,316.5,317,317.5,318
1684372965419997761,314,313.5,313,312.5,312,315.5,316.5,317,317.5,318
1684372967499477260,314,313.5,313,312.5,312,315.5,316.5,317,317.5,318
1684372968954470984,314,313.5,313,312.5,312,315.5,316.5,317,317.5,318
1684372969310944939,314,313.5,313,312.5,312,315.5,316.5,317,317.5,318
1684372969967104307,314,313.5,313,312.5,312,315.5,316.5,317,317.5,318
1684372970944291232,314.5,314,313.5,313,312.5,315.5,316.5,317,317.5,318
1684372970975858976,314.5,314,313.5,313,312.5,315.5,316.5,317,317.5,318
1684372970976425110,314.5,314,313.5,313,312.5,315.5,316.5,317,317.5,318
1684372970976425110,314.5,314,313.5,313,312.5,315.5,316.5,317,317.5,318
1684372971009186996,314.5,314,313.5,313,312.5,315.5,316.5,317,317.5,318
1684372971889443777,314.5,314,313.5,313,312.5,315.5,316.5,317,317.5,318
1684372972187474424,314.5,314,313.5,313,312.5,315.5,316.5,317,317.5,318
1684372974174028178,314.5,314,313.5,313,312.5,315.5,316.5,317,317.5,318
1684372974455595011,314.5,314,313.5,313,312.5,315.5,316.5,317,317.5,318
1684372975148872164,314.5,314,313.5,313,312.5,315.5,316.5,317,317.5,318
1684372979189561309,314.5,314,313.5,313,312.5,315.5,316.5,317,317.5,318
1684372979308902404,314.5,314,313.5,313,312.5,315.5,316.5,317,317.5,318
1684372979341235485,314.5,314,313.5,313,312.5,315.5,316.5,317,317.5,318
1684372980955976944,314.5,314,313.5,313,312.5,315.5,316.5,317,317.5,318
1684372982016824728,314.5,314,313.5,313,312.5,315.5,316.5,317,317.5,318
1684372982516843253,315,314.5,314,313.5,313,315.5,316.5,317,317.5,318
1684372982536974894,315,314.5,314,313.5,313,315.5,316.5,317,317.5,318
1684372982547346328,315,314.5,314,313.5,313,315.5,316.5,317,317.5,318
1684372982567996472,314.5,314,313.5,313,312.5,315.5,316.5,317,317.5,318
1684372982567996472,314.5,314,313.5,313,312.5,315,315.5,316.5,317,317.5
1684372982598471775,314.5,314,313.5,313,312.5,315,315.5,316.5,317,317.5
1684372982610783813,314.5,314,313.5,313,312.5,315,315.5,316.5,317,317.5
1684372982621470810,314,313.5,313,312.5,312,315,315.5,316.5,317,317.5
1684372982631343368,314,313.5,313,312.5,312,315,315.5,316.5,317,317.5
1684372982655487352,314,313.5,313,312.5,312,315,315.5,316.5,317,317.5
1684372982947271981,314,313.5,313,312.5,312,315,315.5,316.5,317,317.5
1684372982977507293,314,313.5,313,312.5,312,315,315.5,316.5,317,317.5
1684372983012242815,314,313.5,313,312.5,312,315,315.5,316.5,317,317.5
1684372983044970447,314.5,314,313.5,313,312.5,315,315.5,316.5,317,317.5
1684372983066966289,314.5,314,313.5,313,312.5,315,315.5,316.5,317,317.5
1684372983617429232,314.5,314,313.5,313,312.5,315,315.5,316.5,317,317.5
1684372983637850397,314,313.5,313,312.5,312,315,315.5,316.5,317,317.5
1684372983679662507,314,313.5,313,312.5,312,315,315.5,316.5,317,317.5
1684372983679662507,314,313.5,313,312.5,312,315,315.5,316.5,317,317.5
1684372983711995227,314,313.5,313,312.5,312,315,315.5,316.5,317,317.5
1684372984477339119,314,313.5,313,312.5,312,315,315.5,316.5,317,317.5
1684372985554856412,314.5,314,313.5,313,312.5,315,315.5,316.5,317,317.5
1684372985585575753,314.5,314,313.5,313,312.5,315,315.5,316.5,317,317.5
1684372985975858259,314.5,314,313.5,313,312.5,315,315.5,316.5,317,317.5
1684372987212643147,314.5,314,313.5,313,312.5,315,315.5,316.5,317,317.5
1684372988132182698,314.5,314,313.5,313,312.5,315,315.5,316.5,317,317.5
1684372992651233072,314.5,314,313.5,313,312.5,315,315.5,316.5,317,317.5
1684372993094607939,314.5,314,313.5,313,312.5,315,315.5,316.5,317,317.5
1684372993125360933,314.5,314,313.5,313,312.5,315,315.5,316.5,317,317.5
1684372994489331234,314.5,314,313.5,313,312.5,315,315.5,316.5,317,317.5
1684372995524616699,314.5,314,313.5,313,312.5,315,315.5,316.5,317,317.5
1684372996868227331,314.5,314,313.5,313,312.5,315,315.5,316.5,317,317.5
1684373000413231938,314.5,314,313.5,313,312.5,315,315.5,316.5,317,317.5
1684373002383497718,314.5,314,313.5,313,312.5,315,315.5,316.5,317,317.5
1684373004765276037,314.5,314,313.5,313,312.5,315,315.5,316.5,317,317.5
1684373005156477288,314.5,314,313.5,313,312.5,315,315.5,316.5,317,317.5
1684373006212196050,315,314.5,314,313.5,313,315.5,316.5,317,317.5,318
1684373006243075802,315,314.5,314,313.5,313,315.5,316.5,317,317.5,318
1684373006243075802,315,314.5,314,313.5,313,315.5,316.5,317,317.5,318
1684373006243075802,314.5,314,313.5,313,312.5,315.5,316.5,317,317.5,318
1684373006273942600,314.5,314,313.5,313,312.5,315.5,316.5,317,317.5,318
1684373006306414102,314.5,314,313.5,313,312.5,315.5,316.5,317,317.5,318
1684373007169770649,314.5,314,313.5,313,312.5,315.5,316.5,317,317.5,318
