Timestamp,BidPrice0,BidPrice1,BidPrice2,BidPrice3,BidPrice4,AskPrice0,AskPrice1,AskPrice2,AskPrice3,AskPrice4
1685313009841686429,0,0,0,0,0,0,0,0,0,0
1685320229984073896,321.5,319,317,314.5,310,327.5,329,330,331,331.5
1685320235005931095,321.5,319,318,317.5,317,327.5,328,329,330,331
1685320240031582829,321.5,319,318,317.5,317,327.5,328,329,330,331
1685320245049241556,322,321.5,319,318,317.5,322.5,327.5,328,329,330
1685320250058780299,322,321.5,319,318,317.5,322.5,327.5,328,329,330
1685320255068183569,322,321.5,319,318,317.5,322.5,327.5,328,329,330
1685320260083798511,322,321.5,319,318,317.5,322.5,323,327.5,328,329
1685320265092162801,322,321.5,319,318,317.5,322.5,323,327.5,328,329
1685320270109943341,322,321.5,320,319,318,322.5,323,327.5,328,329
1685320275117291024,322,321.5,320,319,318,322.5,323,327.5,328,329
1685320280143084390,322,321.5,320,319,318.5,322.5,323,327,327.5,328
1685320305221018062,322,321.5,320,319.5,319,322.5,323,327,327.5,328
1685320310228466690,321.5,320,319.5,319,318.5,322.5,323,327,327.5,328
1685320320251427025,321.5,320,319.5,319,318.5,322.5,323,326.5,327,327.5
1685320325283572422,321.5,320,319.5,319,318.5,322.5,323,326.5,327,327.5
1685320370427930779,320,319.5,319,318.5,318,322.5,323,326.5,327,327.5
1685320375443597935,320,319.5,319,318.5,318,322.5,323,326.5,327,327.5
1685320400519502395,320,319.5,319,318.5,318,322.5,323,326.5,327,327.5
1685320460692345642,320,319.5,319,318.5,318,322.5,323,326.5,327,327.5
1685320475751644931,320,319.5,319,318.5,318,323,326.5,327,327.5,328
1685320530911879795,320.5,320,319.5,319,318.5,323,326.5,327,327.5,328
1685320576062666572,321.5,320.5,320,319.5,319,323,326.5,327,327.5,328
1685320606152063691,320.5,320,319.5,319,318.5,323,326.5,327,327.5,328
1685320621207179423,320.5,320,319.5,319,318.5,323,326.5,327,327.5,328
1685320661319706362,320.5,320,319.5,319,318.5,323,326.5,327,327.5,328
1685320686408040739,320.5,320,319.5,319,318.5,323,326.5,327,327.5,328
1685320716497611550,321,320.5,320,319.5,319,323,326.5,327,327.5,328
1685320791725577485,321,320.5,320,319.5,319,323,326.5,327,327.5,328
1685320847710307703,321,320.5,320,319.5,319,323,326.5,327,327.5,328
1685320862752882160,321,320.5,320,319.5,319,323,326.5,327,327.5,328
1685320968090814337,321.5,321,320.5,320,319.5,323,326.5,327,327.5,328
1685320983145851326,321.5,321,320.5,320,319.5,323,326.5,327,327.5,328
1685321013231279368,321.5,321,320.5,320,319.5,323,326.5,327,327.5,328
1685321058382028586,321.5,321,320.5,320,319.5,323,326.5,327,327.5,328
1685321068407009838,321.5,321,320.5,320,319.5,323,326.5,327,327.5,328
1685321073426853214,321.5,321,320.5,320,319.5,323,326.5,327,327.5,328
1685321083447803350,321.5,321,320.5,320,319.5,323,326.5,327,327.5,328
1685321183763904182,322,321.5,321,320.5,320,323,326.5,327,327.5,328
1685321259010436981,321.5,321,320.5,320,319.5,323,326.5,327,327.5,328
1685321269039577908,322,321.5,321,320.5,320,323,326.5,327,327.5,328
1685321309164303241,322,321.5,321,320.5,320,323,325,326.5,327,327.5
1685321359324575914,322,321.5,321,320.5,320,323,325,326.5,327,327.5
1685321404473192930,322,321.5,321,320.5,320,323,325,326.5,327,327.5
1685321409478551609,322,321.5,321,320.5,320,323,325,326.5,327,327.5
1685321430343837958,322,321.5,321,320.5,320,323,325,326.5,327,327.5
1685321440377068380,322.5,322,321.5,321,320.5,327,327.5,328,328.5,329
1685321445392620290,322.5,322,321.5,321,320.5,326.5,327,327.5,328,328.5
1685321455421060712,322.5,322,321.5,321,320.5,326.5,327,327.5,328,328.5
1685321465458331105,322.5,322,321.5,321,320.5,326.5,327,327.5,328,328.5
1685321470471750775,322.5,322,321.5,321,320.5,326.5,327,327.5,328,328.5
1685321480492760952,323,322.5,322,321.5,321,326.5,327,327.5,328,328.5
1685321490532110353,323,322.5,322,321.5,321,326.5,327,327.5,328,328.5
1685321495551773388,322.5,322,321.5,321,320.5,323,325,325.5,326.5,327
1685321500571636959,322.5,322,321.5,321,320.5,323,325,325.5,326.5,327
1685321590858609328,322.5,322,321.5,321,320.5,323,325,325.5,326.5,327
1685321595872220260,322.5,322,321.5,321,320.5,323,325,325.5,326,326.5
1685321620946067794,322.5,322,321.5,321,320.5,323,325,325.5,326,326.5
1685321666084478214,322.5,322,321.5,321,320.5,323,325,325.5,326.5,327
1685321671112495812,322.5,322,321.5,321,320.5,323,325,325.5,326.5,327
1685321706212450758,322.5,322,321.5,321,320.5,323,325,325.5,326,326.5
1685321711240349658,322.5,322,321.5,321,320.5,323,325,325.5,326,326.5
1685321721257118040,322.5,322,321.5,321,320.5,323,325,325.5,326,326.5
1685321726274865491,322.5,322,321.5,321,320.5,323,325,325.5,326,326.5
1685321841637877079,322.5,322,321.5,321,320.5,323,325,325.5,326,326.5
1685321851673223578,322.5,322,321.5,321,320.5,325,325.5,326,326.5,327
1685321856676540318,323,322.5,322,321.5,321,325,325.5,326,326.5,327
1685321871725383785,323,322.5,322,321.5,321,325,325.5,326,326.5,327
1685321891777545914,323,322.5,322,321.5,321,325,325.5,326,326.5,327
1685321896791119035,323,322.5,322,321.5,321,325,325.5,326,326.5,327
1685321901812921737,323,322.5,322,321.5,321,325,325.5,326,326.5,327
1685321921889664478,323,322.5,322,321.5,321,325,325.5,326,326.5,327
1685321931916635687,323,322.5,322,321.5,321,325,325.5,326,326.5,327
1685321941943951455,323,322.5,322,321.5,321,325,325.5,326,326.5,327
1685321946951297319,323,322.5,322,321.5,321,325,325.5,326,326.5,327
1685321951964884321,323.5,323,322.5,322,321.5,325,325.5,326,326.5,327
1685321957003029212,323.5,323,322.5,322,321.5,325,325.5,326,326.5,327
1685321962004329046,323.5,323,322.5,322,321.5,325,325.5,326,326.5,327
1685321967021946827,323.5,323,322.5,322,321.5,325,325.5,326,326.5,327
1685321972035434534,323.5,323,322.5,322,321.5,324.5,325,325.5,326,326.5
1685321982060584924,323.5,323,322.5,322,321.5,324.5,325,325.5,326,326.5
1685321992093899515,323.5,323,322.5,322,321.5,324.5,325,325.5,326,326.5
1685321997117681903,323.5,323,322.5,322,321.5,324.5,325,325.5,326,326.5
1685322009763638885,323.5,323,322.5,322,321.5,324.5,325,325.5,326,326.5
1685322009796355231,323.5,323,322.5,322,321.5,325,325.5,326,326.5,327
1685322010049071804,323.5,323,322.5,322,321.5,325,325.5,326,326.5,327
1685322010049071804,323.5,323,322.5,322,321.5,325,325.5,326,326.5,327
1685322010087803504,323.5,323,322.5,322,321.5,325,325.5,326,326.5,327
1685322010108287043,323.5,323,322.5,322,321.5,325,325.5,326,326.5,327
1685322011571246966,323.5,323,322.5,322,321.5,325,325.5,326,326.5,327
1685322011604916782,323.5,323,322.5,322,321.5,325,325.5,326,326.5,327
1685322011641684585,323.5,323,322.5,322,321.5,325,325.5,326,326.5,327
1685322014873216067,323.5,323,322.5,322,321.5,325,325.5,326,326.5,327
1685322014887391342,323.5,323,322.5,322,321.5,325,325.5,326,326.5,327
1685322014916114430,323.5,323,322.5,322,321.5,325,325.5,326,326.5,327
1685322018241238546,323.5,323,322.5,322,321.5,325,325.5,326,326.5,327
1685322020488641747,323.5,323,322.5,322,321.5,325,325.5,326,326.5,327
1685322026231984165,324,323.5,323,322.5,322,325,325.5,326,326.5,327
1685322027490906372,324,323.5,323,322.5,322,325,325.5,326,326.5,327
1685322029006840977,324,323.5,323,322.5,322,325,325.5,326,326.5,327
1685322029336350071,324,323.5,323,322.5,322,325,325.5,326,326.5,327
1685322029889272661,324,323.5,323,322.5,322,325,325.5,326,326.5,327
1685322029889272661,324,323.5,323,322.5,322,325,325.5,326,326.5,327
1685322029889272661,324,323.5,323,322.5,322,325,325.5,326,326.5,327
1685322029889391835,324,323.5,323,322.5,322,325,325.5,326,326.5,327
1685322032141942490,324,323.5,323,322.5,322,325,325.5,326,326.5,327
1685322033897282557,324,323.5,323,322.5,322,325,325.5,326,326.5,327
1685322034902870190,324,323.5,323,322.5,322,325,325.5,326,326.5,327
1685322035232718842,324,323.5,323,322.5,322,325,325.5,326,326.5,327
1685322035751928635,324,323.5,323,322.5,322,325,325.5,326,326.5,327
1685322036572578071,324,323.5,323,322.5,322,325,325.5,326,326.5,327
1685322037695973161,324,323.5,323,322.5,322,325,325.5,326,326.5,327
1685322037725853783,324,323.5,323,322.5,322,325,325.5,326,326.5,327
1685322037760066959,324,323.5,323,322.5,322,325.5,326,326.5,327,327.5
1685322037761007725,324,323.5,323,322.5,322,325.5,326,326.5,327,327.5
1685322039374211156,324.5,324,323.5,323,322.5,325.5,326,326.5,327,327.5
1685322039418491364,324.5,324,323.5,323,322.5,325.5,326,326.5,327,327.5
1685322040127531930,324.5,324,323.5,323,322.5,326,326.5,327,327.5,328
1685322040161447007,324.5,324,323.5,323,322.5,326,326.5,327,327.5,328
1685322040161447007,324.5,324,323.5,323,322.5,326,326.5,327,327.5,328
1685322041315091522,324.5,324,323.5,323,322.5,326,326.5,327,327.5,328
1685322041835296974,325,324.5,324,323.5,323,326,326.5,327,327.5,328
1685322041871033200,325,324.5,324,323.5,323,326,326.5,327,327.5,328
1685322041901855119,325,324.5,324,323.5,323,326,326.5,327,327.5,328
1685322043592536688,325.5,325,324.5,324,323.5,326,326.5,327,327.5,328
1685322043635265513,325.5,325,324.5,324,323.5,326,326.5,327,327.5,328
1685322043670638918,325.5,325,324.5,324,323.5,326,326.5,327,327.5,328
1685322043765603857,325.5,325,324.5,324,323.5,326,326.5,327,327.5,328
1685322043819946497,325,324.5,324,323.5,323,326,326.5,327,327.5,328
1685322043858761424,325,324.5,324,323.5,323,326,326.5,327,327.5,328
1685322043899828749,325,324.5,324,323.5,323,326,326.5,327,327.5,328
1685322044571805978,324.5,324,323.5,323,322.5,326,326.5,327,327.5,328
1685322044605412265,324.5,324,323.5,323,322.5,326,326.5,327,327.5,328
1685322044615882823,324.5,324,323.5,323,322.5,326,326.5,327,327.5,328
1685322044638029034,324.5,324,323.5,323,322.5,326,326.5,327,327.5,328
1685322044658667934,324.5,324,323.5,323,322.5,325.5,326,326.5,327,327.5
1685322044693895114,324.5,324,323.5,323,322.5,325.5,326,326.5,327,327.5
1685322044699438582,324.5,324,323.5,323,322.5,325.5,326,326.5,327,327.5
1685322044730368003,324.5,324,323.5,323,322.5,325.5,326,326.5,327,327.5
1685322044819207702,325,324.5,324,323.5,323,325.5,326,326.5,327,327.5
1685322044861473338,325,324.5,324,323.5,323,325.5,326,326.5,327,327.5
1685322044895207625,325,324.5,324,323.5,323,325.5,326,326.5,327,327.5
1685322045914382599,325,324.5,324,323.5,323,325.5,326,326.5,327,327.5
1685322045969325616,325,324.5,324,323.5,323,325.5,326,326.5,327,327.5
1685322047553327100,325,324.5,324,323.5,323,325.5,326,326.5,327,327.5
1685322048953126939,325,324,323.5,323,322.5,325.5,326,326.5,327,327.5
1685322049893367862,325,324,323.5,323,322.5,325.5,326,326.5,327,327.5
1685322049936259492,325,324,323.5,323,322.5,325.5,326,326.5,327,327.5
1685322049936259492,325,324,323.5,323,322.5,325.5,326,326.5,327,327.5
1685322051443520734,325,324,323.5,323,322.5,325.5,326,326.5,327,327.5
1685322053506917628,325,324,323.5,323,322.5,325.5,326,326.5,327,327.5
1685322058105402863,325,324,323.5,323,322.5,325.5,326,326.5,327,327.5
1685322059065337161,325,324.5,324,323.5,323,325.5,326,326.5,327,327.5
1685322060113920630,325,324.5,324,323.5,323,325.5,326,326.5,327,327.5
1685322060251090802,325,324.5,324,323.5,323,325.5,326,326.5,327,327.5
1685322062657471750,325,324.5,324,323.5,323,325.5,326,326.5,327,327.5
1685322062690253970,325,324.5,324,323.5,323,326,326.5,327,327.5,328
1685322062714237860,325,324.5,324,323.5,323,326,326.5,327,327.5,328
1685322062736728858,325,324.5,324,323.5,323,326,326.5,327,327.5,328
1685322063442892293,325,324.5,324,323.5,323,326,326.5,327,327.5,328
1685322064065934214,325.5,325,324.5,324,323.5,326,326.5,327,327.5,328
1685322064106484499,325.5,325,324.5,324,323.5,326,326.5,327,327.5,328
1685322064141325253,325.5,325,324.5,324,323.5,326,326.5,327,327.5,328
1685322065609282561,325.5,325,324.5,324,323.5,326,326.5,327,327.5,328
1685322067115035912,325.5,325,324.5,324,323.5,326,326.5,327,327.5,328
1685322068343757828,325.5,325,324.5,324,323.5,326,326.5,327,327.5,328
1685322069842962223,325.5,325,324.5,324,323.5,326,326.5,327,327.5,328
1685322069843072530,325.5,325,324.5,324,323.5,326,326.5,327,327.5,328
1685322069843072530,325.5,325,324.5,324,323.5,326,326.5,327,327.5,328
1685322072986562555,325.5,325,324.5,324,323.5,326,326.5,327,327.5,328
1685322073723146305,325.5,325,324.5,324,323.5,326,326.5,327,327.5,328
1685322074735710528,325.5,325,324.5,324,323.5,326,326.5,327,327.5,328
1685322074839874028,325.5,325,324.5,324,323.5,326,326.5,327,327.5,328
1685322074867815258,325.5,325,324.5,324,323.5,326,326.5,327,327.5,328
1685322075065257743,325.5,325,324.5,324,323.5,326,326.5,327,327.5,328
1685322076454377571,325.5,325,324.5,324,323.5,326,326.5,327,327.5,328
1685322076465978683,325.5,325,324.5,324,323.5,326,326.5,327,327.5,328
1685322076484845726,325.5,325,324.5,324,323.5,326,326.5,327,327.5,328
1685322078688902906,325.5,325,324.5,324,323.5,326,326.5,327,327.5,328
1685322079125414962,325.5,325,324.5,324,323.5,326,326.5,327,327.5,328
1685322079574933016,325.5,325,324.5,324,323.5,326,326.5,327,327.5,328
1685322080053765350,325.5,325,324.5,324,323.5,326,326.5,327,327.5,328
1685322080097157380,325.5,325,324.5,324,323.5,326,326.5,327,327.5,328
1685322080098920039,325.5,325,324.5,324,323.5,326,326.5,327,327.5,328
1685322083149236809,325.5,325,324.5,324,323.5,326,326.5,327,327.5,328
1685322084059904007,325.5,325,324.5,324,323.5,326,326.5,327,327.5,328
1685322086243038794,0,0,0,0,0,0,0,0,0,0
1685322086243038794,325.5,325,324.5,324,323.5,327,327.5,328,328.5,329
1685322086276157636,325.5,325,324.5,324,323.5,327,327.5,328,328.5,329
1685322086308119305,325.5,325,324.5,324,323.5,327,327.5,328,328.5,329
1685322086600554812,325.5,325,324.5,324,323.5,327,327.5,328,328.5,329
1685322088278258957,326,325.5,325,324.5,324,327,327.5,328,328.5,329
1685322088309148143,326,325.5,325,324.5,324,327,327.5,328,328.5,329
1685322088309272977,325.5,325,324.5,324,323.5,327,327.5,328,328.5,329
1685322088309272977,325.5,325,324.5,324,323.5,327,327.5,328,328.5,329
1685322088339671832,325.5,325,324.5,324,323.5,327,327.5,328,328.5,329
1685322088339671832,325.5,325,324.5,324,323.5,327,327.5,328,328.5,329
1685322088339671832,325.5,325,324.5,324,323.5,327,327.5,328,328.5,329
1685322088339781408,325.5,325,324.5,324,323.5,327,327.5,328,328.5,329
1685322088374483632,325.5,325,324.5,324,323.5,327,327.5,328,328.5,329
1685322088409094515,325.5,325,324.5,324,323.5,327,327.5,328,328.5,329
1685322088544695711,325.5,325,324.5,324,323.5,327,327.5,328,328.5,329
1685322088544720918,325.5,325,324.5,324,323.5,327,327.5,328,328.5,329
1685322088577223503,325.5,325,324.5,324,323.5,327,327.5,328,328.5,329
1685322088898931681,325.5,325,324.5,324,323.5,327,327.5,328,328.5,329
1685322089053729859,326,325.5,325,324.5,324,327,327.5,328,328.5,329
1685322089088675822,326,325.5,325,324.5,324,327,327.5,328,328.5,329
1685322089088675822,325.5,325,324.5,324,323.5,327,327.5,328,328.5,329
1685322089088838808,325.5,325,324.5,324,323.5,327,327.5,328,328.5,329
1685322089088838808,325.5,325,324.5,324,323.5,327,327.5,328,328.5,329
1685322089088838808,325.5,325,324.5,324,323.5,327,327.5,328,328.5,329
1685322089125182574,325.5,325,324.5,324,323.5,327,327.5,328,328.5,329
1685322089125182574,325.5,325,324.5,324,323.5,327,327.5,328,328.5,329
1685322089173000384,325.5,325,324.5,324,323.5,327,327.5,328,328.5,329
1685322090484141725,325.5,325,324.5,324,323.5,327,327.5,328,328.5,329
1685322090515837124,325,324.5,324,323.5,323,327,327.5,328,328.5,329
1685322090515851461,325,324.5,324,323.5,323,327,327.5,328,328.5,329
1685322090526373677,325,324.5,324,323.5,323,326.5,327,327.5,328,328.5
1685322090548698372,325,324.5,324,323.5,323,326.5,327,327.5,328,328.5
1685322090560903117,325,324.5,324,323.5,323,326.5,327,327.5,328,328.5
1685322090560903117,325,324.5,324,323.5,323,326.5,327,327.5,328,328.5
1685322090560903117,325,324.5,324,323.5,323,326.5,327,327.5,328,328.5
1685322090582448720,325,324.5,324,323.5,323,326.5,327,327.5,328,328.5
1685322092576016449,325,324.5,324,323.5,323,326.5,327,327.5,328,328.5
1685322093858493071,325.5,325,324.5,324,323.5,326.5,327,327.5,328,328.5
1685322093899235556,325.5,325,324.5,324,323.5,326.5,327,327.5,328,328.5
1685322093899235556,325,324.5,324,323.5,323,326.5,327,327.5,328,328.5
1685322093899277766,325,324.5,324,323.5,323,326.5,327,327.5,328,328.5
1685322093899500825,325,324.5,324,323.5,323,326,326.5,327,327.5,328
1685322093934093063,325,324.5,324,323.5,323,326,326.5,327,327.5,328
1685322093934093063,325,324.5,324,323.5,323,326,326.5,327,327.5,328
1685322093934129000,325,324.5,324,323.5,323,326,326.5,327,327.5,328
1685322093944052301,325,324.5,324,323.5,323,326,326.5,327,327.5,328
1685322093962907853,325,324.5,324,323.5,323,326,326.5,327,327.5,328
1685322093962907853,325,324.5,324,323.5,323,326,326.5,327,327.5,328
1685322093976041512,324.5,324,323.5,323,322.5,326,326.5,327,327.5,328
1685322094009885285,324.5,324,323.5,323,322.5,326,326.5,327,327.5,328
1685322094009885285,324.5,324,323.5,323,322.5,326,326.5,327,327.5,328
1685322094009885285,324.5,324,323.5,323,322.5,326,326.5,327,327.5,328
1685322094019961293,324.5,324,323.5,323,322.5,326,326.5,327,327.5,328
1685322094041680582,324.5,324,323.5,323,322.5,326,326.5,327,327.5,328
1685322094053703405,324.5,324,323.5,323,322.5,326,326.5,327,327.5,328
1685322094131503818,324.5,324,323.5,323,322.5,325.5,326,326.5,327,327.5
1685322094167160595,324.5,324,323.5,323,322.5,325.5,326,326.5,327,327.5
1685322094190218426,324.5,324,323.5,323,322.5,325,325.5,326,326.5,327
1685322094209744036,324.5,324,323.5,323,322.5,325,325.5,326,326.5,327
1685322094230824085,324.5,324,323.5,323,322.5,325,325.5,326,326.5,327
1685322094231283537,324.5,324,323.5,323,322.5,325,325.5,326,326.5,327
1685322094231394746,324,323.5,323,322.5,322,325,325.5,326,326.5,327
1685322094231394746,324,323.5,323,322.5,322,325,325.5,326,326.5,327
1685322094250141133,324,323.5,323,322.5,322,325,325.5,326,326.5,327
1685322094266991591,324,323.5,323,322.5,322,325,325.5,326,326.5,327
1685322094266991591,324,323.5,323,322.5,322,325,325.5,326,326.5,327
1685322094266991591,324,323.5,323,322.5,322,325,325.5,326,326.5,327
1685322094288383865,324,323.5,323,322.5,322,325,325.5,326,326.5,327
1685322094288492229,324,323.5,323,322.5,322,325,325.5,326,326.5,327
1685322094635543429,324,323.5,323,322.5,322,325.5,326,326.5,327,327.5
1685322094668156822,324,323.5,323,322.5,322,325.5,326,326.5,327,327.5
1685322094692808907,324,323.5,323,322.5,322,325.5,326,326.5,327,327.5
1685322095605542935,324,323.5,323,322.5,322,325.5,326,326.5,327,327.5
1685322099393194947,324,323.5,323,322.5,322,325.5,326,326.5,327,327.5
1685322100611799698,324,323.5,323,322.5,322,325,325.5,326,326.5,327
1685322100646847381,324,323.5,323,322.5,322,325,325.5,326,326.5,327
1685322100646883299,324,323.5,323,322.5,322,325,325.5,326,326.5,327
1685322100681229545,324,323.5,323,322.5,322,325,325.5,326,326.5,327
1685322101848470809,324,323.5,323,322.5,322,325,325.5,326,326.5,327
1685322103091036628,324,323.5,323,322.5,322,325,325.5,326,326.5,327
1685322105452988922,324,323.5,323,322.5,322,325,325.5,326,326.5,327
1685322109359621414,324,323.5,323,322.5,322,325,325.5,326,326.5,327
1685322109822429592,324,323.5,323,322.5,322,325,325.5,326,326.5,327
1685322109853416762,324,323.5,323,322.5,322,325.5,326,326.5,327,327.5
1685322109885136166,324,323.5,323,322.5,322,325.5,326,326.5,327,327.5
1685322109921199656,324,323.5,323,322.5,322,325.5,326,326.5,327,327.5
1685322110129974989,324,323.5,323,322.5,322,325,325.5,326,326.5,327
1685322110164381899,324,323.5,323,322.5,322,325,325.5,326,326.5,327
1685322110199448468,324,323.5,323,322.5,322,325,325.5,326,326.5,327
1685322111652454365,324,323.5,323,322.5,322,325,325.5,326,326.5,327
1685322112341726997,324,323.5,323,322.5,322,325,325.5,326,326.5,327
1685322114911911805,324,323.5,323,322.5,322,324.5,325,325.5,326,326.5
1685322114946789579,324,323.5,323,322.5,322,324.5,325,325.5,326,326.5
1685322114957234881,324,323.5,323,322.5,322,324.5,325,325.5,326,326.5
1685322114979965348,324,323.5,323,322.5,322,324.5,325,325.5,326,326.5
1685322115049520620,324,323.5,323,322.5,322,324.5,325,325.5,326,326.5
1685322124792948533,324,323.5,323,322.5,322,324.5,325,325.5,326,326.5
1685322125863025919,324,323.5,323,322.5,322,324.5,325,325.5,326,326.5
1685322125886125970,324,323.5,323,322.5,322,324.5,325,325.5,326,326.5
1685322125886125970,324,323.5,323,322.5,322,324.5,325,325.5,326,326.5
1685322127944443611,324,323.5,323,322.5,322,324.5,325,325.5,326,326.5
1685322135548856794,324,323.5,323,322.5,322,324.5,325,325.5,326,326.5
1685322135571363421,323.5,323,322.5,322,321.5,324.5,325,325.5,326,326.5
1685322135593787503,323.5,323,322.5,322,321.5,324.5,325,325.5,326,326.5
1685322135593813031,323.5,323,322.5,322,321.5,324.5,325,325.5,326,326.5
1685322135616563776,323.5,323,322.5,322,321.5,324.5,325,325.5,326,326.5
1685322135908689943,323.5,323,322.5,322,321.5,324.5,325,325.5,326,326.5
1685322138385196798,323.5,323,322.5,322,321.5,324.5,325,325.5,326,326.5
1685322138525005233,323.5,323,322.5,322,321.5,324.5,325,325.5,326,326.5
1685322138561217854,323.5,323,322.5,322,321.5,324.5,325,325.5,326,326.5
1685322138561305879,323.5,323,322.5,322,321.5,324.5,325,325.5,326,326.5
1685322142022760698,323.5,323,322.5,322,321.5,324,324.5,325,325.5,326
1685322142057871690,323.5,323,322.5,322,321.5,324,324.5,325,325.5,326
1685322142070704414,323.5,323,322.5,322,321.5,324,324.5,325,325.5,326
1685322142100336098,323.5,323,322.5,322,321.5,324,324.5,325,325.5,326
1685322142135038894,323.5,323,322.5,322,321.5,324,324.5,325,325.5,326
1685322143256854831,323.5,323,322.5,322,321.5,324,324.5,325,325.5,326
1685322144854342429,323.5,323,322.5,322,321.5,324,324.5,325,325.5,326
1685322147413508800,323.5,323,322.5,322,321.5,324,324.5,325,325.5,326
1685322147440923042,323.5,323,322.5,322,321.5,324,324.5,325,325.5,326
1685322147748375234,323.5,323,322.5,322,321.5,324,324.5,325,325.5,326
1685322147768612380,323.5,323,322.5,322,321.5,324,324.5,325,325.5,326
1685322149138788392,323.5,323,322.5,322,321.5,324,324.5,325,325.5,326
1685322149196363511,323.5,323,322.5,322,321.5,324,324.5,325,325.5,326
1685322154504827303,323.5,323,322.5,322,321.5,324,324.5,325,325.5,326
1685322159795103858,323.5,323,322.5,322,321.5,324.5,325,325.5,326,326.5
1685322159819321868,323.5,323,322.5,322,321.5,324.5,325,325.5,326,326.5
1685322159852587105,323.5,323,322.5,322,321.5,324.5,325,325.5,326,326.5
1685322160051398670,323.5,323,322.5,322,321.5,324.5,325,325.5,326,326.5
1685322161845280484,323.5,323,322.5,322,321.5,324.5,325,325.5,326,326.5
1685322163891337922,323.5,323,322.5,322,321.5,324.5,325,325.5,326,326.5
1685322164023306661,323.5,323,322.5,322,321.5,324.5,325,325.5,326,326.5
1685322164091553924,323.5,323,322.5,322,321.5,324.5,325,325.5,326,326.5
1685322164394270258,323.5,323,322.5,322,321.5,324.5,325,325.5,326,326.5
1685322164864111637,323.5,323,322.5,322,321.5,324.5,325,325.5,326,326.5
1685322166387500634,323.5,323,322.5,322,321.5,324,324.5,325,325.5,326
1685322166421914305,323.5,323,322.5,322,321.5,324,324.5,325,325.5,326
1685322166454398454,323.5,323,322.5,322,321.5,324,324.5,325,325.5,326
1685322171767895684,323.5,323,322.5,322,321.5,324,324.5,325,325.5,326
1685322174734246347,323.5,323,322.5,322,321.5,324,324.5,325,325.5,326
1685322175585639132,323.5,323,322.5,322,321.5,324,324.5,325,325.5,326
1685322176712590083,323.5,323,322.5,322,321.5,324,324.5,325,325.5,326
1685322177907676688,323.5,323,322.5,322,321.5,324,324.5,325,325.5,326
1685322178461234844,323.5,323,322.5,322,321.5,324,324.5,325,325.5,326
1685322184733036817,323.5,323,322.5,322,321.5,324,324.5,325,325.5,326
1685322186659216918,323.5,323,322.5,322,321.5,324,324.5,325,325.5,326
1685322192031097033,323.5,323,322.5,322,321.5,324,324.5,325,325.5,326
1685322195097158933,323.5,323,322.5,322,321.5,324,324.5,325,325.5,326
1685322198234172895,323.5,323,322.5,322,321.5,324,324.5,325,325.5,326
1685322198279773630,323.5,323,322.5,322,321.5,324.5,325,325.5,326,326.5
1685322198312358778,323.5,323,322.5,322,321.5,324.5,325,325.5,326,326.5
1685322198312358778,323.5,323,322.5,322,321.5,324.5,325,325.5,326,326.5
1685322198312358778,323.5,323,322.5,322,321.5,324.5,325,325.5,326,326.5
1685322198346105607,323.5,323,322.5,322,321.5,324.5,325,325.5,326,326.5
1685322198346105607,323.5,323,322.5,322,321.5,324.5,325,325.5,326,326.5
1685322200840891326,323.5,323,322.5,322,321.5,324.5,325,325.5,326,326.5
1685322202635788896,323.5,323,322.5,322,321.5,324.5,325,325.5,326,326.5
1685322202703493922,323.5,323,322.5,322,321.5,324.5,325,325.5,326,326.5
1685322205100614947,323.5,323,322.5,322,321.5,324,324.5,325,325.5,326
1685322205136197252,323.5,323,322.5,322,321.5,324,324.5,325,325.5,326
1685322205136197252,323.5,323,322.5,322,321.5,324.5,325,325.5,326,326.5
1685322205179790718,323.5,323,322.5,322,321.5,324.5,325,325.5,326,326.5
1685322205179790718,323.5,323,322.5,322,321.5,324.5,325,325.5,326,326.5
1685322205179790718,323.5,323,322.5,322,321.5,324.5,325,325.5,326,326.5
1685322205179790718,323.5,323,322.5,322,321.5,324.5,325,325.5,326,326.5
1685322205179969063,323.5,323,322.5,322,321.5,324.5,325,325.5,326,326.5
1685322205179969063,323.5,323,322.5,322,321.5,324.5,325,325.5,326,326.5
1685322205213120063,323.5,323,322.5,322,321.5,324.5,325,325.5,326,326.5
1685322207254541348,323.5,323,322.5,322,321.5,324.5,325,325.5,326,326.5
1685322207560092235,323.5,323,322.5,322,321.5,324.5,325,325.5,326,326.5
1685322211221484960,324,323.5,323,322.5,322,324.5,325,325.5,326,326.5
1685322211245056966,324,323.5,323,322.5,322,324.5,325,325.5,326,326.5
1685322211266141903,324,323.5,323,322.5,322,324.5,325,325.5,326,326.5
1685322213372333474,324,323.5,323,322.5,322,324.5,325,325.5,326,326.5
1685322218771340382,323.5,323,322.5,322,321.5,324.5,325,325.5,326,326.5
1685322218799899872,323.5,323,322.5,322,321.5,324.5,325,325.5,326,326.5
1685322218809559207,323.5,323,322.5,322,321.5,324.5,325,325.5,326,326.5
1685322218829035574,323.5,323,322.5,322,321.5,324.5,325,325.5,326,326.5
1685322218841133688,323.5,323,322.5,322,321.5,324.5,325,325.5,326,326.5
1685322222999268799,323.5,323,322.5,322,321.5,324.5,325,325.5,326,326.5
1685322223034025545,323.5,323,322.5,322,321.5,324.5,325,325.5,326,326.5
1685322223494251562,323.5,323,322.5,322,321.5,324.5,325,325.5,326,326.5
1685322228286551679,323.5,323,322.5,322,321.5,324.5,325,325.5,326,326.5
1685322238433104060,323.5,323,322.5,322,321.5,324.5,325,325.5,326,326.5
1685322239923382635,323.5,323,322.5,322,321.5,324.5,325,325.5,326,326.5
1685322240920814167,323.5,323,322.5,322,321.5,324.5,325,325.5,326,326.5
1685322241803168543,323.5,323,322.5,322,321.5,324.5,325,325.5,326,326.5
1685322241838721273,323.5,323,322.5,322,321.5,324.5,325,325.5,326,326.5
1685322241869733858,323.5,323,322.5,322,321.5,325,325.5,326,326.5,327
1685322241903715168,323.5,323,322.5,322,321.5,325,325.5,326,326.5,327
1685322241936394342,323.5,323,322.5,322,321.5,325,325.5,326,326.5,327
1685322252601430802,323.5,323,322.5,322,321.5,325,325.5,326,326.5,327
1685322259918906971,323.5,323,322.5,322,321.5,325,325.5,326,326.5,327
1685322262892560931,324,323.5,323,322.5,322,325,325.5,326,326.5,327
1685322262928628367,324,323.5,323,322.5,322,325,325.5,326,326.5,327
1685322262928628367,324,323.5,323,322.5,322,325,325.5,326,326.5,327
1685322262961469867,324,323.5,323,322.5,322,325,325.5,326,326.5,327
1685322265848396928,324,323.5,323,322.5,322,325,325.5,326,326.5,327
1685322265994469067,324,323.5,323,322.5,322,325,325.5,326,326.5,327
1685322271612818082,324,323.5,323,322.5,322,325,325.5,326,326.5,327
1685322279447158719,324,323.5,323,322.5,322,325,325.5,326,326.5,327
1685322279483328968,324,323.5,323,322.5,322,325,325.5,326,326.5,327
1685322279483328968,324,323.5,323,322.5,322,325,325.5,326,326.5,327
1685322279538269157,323.5,323,322.5,322,321.5,325,325.5,326,326.5,327
1685322279572713526,323.5,323,322.5,322,321.5,325,325.5,326,326.5,327
1685322279572767477,323.5,323,322.5,322,321.5,325,325.5,326,326.5,327
1685322279572767477,323.5,323,322.5,322,321.5,325,325.5,326,326.5,327
1685322279582946679,323.5,323,322.5,322,321.5,325,325.5,326,326.5,327
1685322279605712571,323.5,323,322.5,322,321.5,325,325.5,326,326.5,327
1685322284225800808,323.5,323,322.5,322,321.5,325,325.5,326,326.5,327
1685322289033810345,323.5,323,322.5,322,321.5,325,325.5,326,326.5,327
1685322291907264202,323.5,323,322.5,322,321.5,325,325.5,326,326.5,327
1685322293550050680,323.5,323,322.5,322,321.5,325,325.5,326,326.5,327
1685322295247285904,324,323.5,323,322.5,322,325,325.5,326,326.5,327
1685322295282164067,324,323.5,323,322.5,322,325,325.5,326,326.5,327
1685322295316992768,324,323.5,323,322.5,322,325,325.5,326,326.5,327
1685322295428516442,324,323.5,323,322.5,322,325,325.5,326,326.5,327
1685322295511633152,324,323.5,323,322.5,322,325,325.5,326,326.5,327
1685322296168625385,324,323.5,323,322.5,322,325,325.5,326,326.5,327
1685322297185106654,324,323.5,323,322.5,322,325,325.5,326,326.5,327
1685322300020417249,324,323.5,323,322.5,322,325,325.5,326,326.5,327
1685322310159667074,324,323.5,323,322.5,322,325,325.5,326,326.5,327
1685322312345380680,324,323.5,323,322.5,322,325,325.5,326,326.5,327
1685322312366860889,324,323.5,323,322.5,322,325,325.5,326,326.5,327
1685322314932841140,324,323.5,323,322.5,322,325,325.5,326,326.5,327
1685322314966980797,324,323.5,323,322.5,322,325,325.5,326,326.5,327
1685322314966980797,323.5,323,322.5,322,321.5,325,325.5,326,326.5,327
1685322315003601010,323.5,323,322.5,322,321.5,325,325.5,326,326.5,327
1685322315035013297,323.5,323,322.5,322,321.5,325,325.5,326,326.5,327
1685322326502245463,323.5,323,322.5,322,321.5,325,325.5,326,326.5,327
1685322326805360607,323.5,323,322.5,322,321.5,325,325.5,326,326.5,327
1685322328036115623,323.5,323,322.5,322,321.5,324.5,325,325.5,326,326.5
1685322328070454053,323.5,323,322.5,322,321.5,324.5,325,325.5,326,326.5
1685322328070454053,323.5,323,322.5,322,321.5,324.5,325,325.5,326,326.5
1685322328102623871,323.5,323,322.5,322,321.5,324.5,325,325.5,326,326.5
1685322328125153570,323.5,323,322.5,322,321.5,324.5,325,325.5,326,326.5
1685322330022611331,323.5,323,322.5,322,321.5,324.5,325,325.5,326,326.5
1685322330565466363,323.5,323,322.5,322,321.5,324.5,325,325.5,326,326.5
1685322334759801710,323.5,323,322.5,322,321.5,324.5,325,325.5,326,326.5
1685322335377679376,323.5,323,322.5,322,321.5,324.5,325,325.5,326,326.5
1685322335377679376,323.5,323,322.5,322,321.5,324.5,325,325.5,326,326.5
1685322335399787554,323.5,323,322.5,322,321.5,324.5,325,325.5,326,326.5
1685322338254256510,323.5,323,322.5,322,321.5,324.5,325,325.5,326,326.5
1685322338289690176,323.5,323,322.5,322,321.5,324.5,325,325.5,326,326.5
1685322339506691650,323.5,323,322.5,322,321.5,324.5,325,325.5,326,326.5
1685322339631434583,323.5,323,322.5,322,321.5,324.5,325,325.5,326,326.5
1685322339839995373,323.5,323,322.5,322,321.5,324.5,325,325.5,326,326.5
1685322340481932932,323.5,323,322.5,322,321.5,324.5,325,325.5,326,326.5
1685322340504740813,323.5,323,322.5,322,321.5,324.5,325,325.5,326,326.5
1685322342660952131,323.5,323,322.5,322,321.5,324.5,325,325.5,326,326.5
1685322342689734449,323,322.5,322,321.5,321,324.5,325,325.5,326,326.5
1685322342722647403,323,322.5,322,321.5,321,324.5,325,325.5,326,326.5
1685322342722647403,323,322.5,322,321.5,321,324.5,325,325.5,326,326.5
1685322342722647403,323,322.5,322,321.5,321,324.5,325,325.5,326,326.5
1685322342722810589,323,322.5,322,321.5,321,324.5,325,325.5,326,326.5
1685322342743036643,323,322.5,322,321.5,321,324.5,325,325.5,326,326.5
1685322342743036643,323,322.5,322,321.5,321,324.5,325,325.5,326,326.5
1685322342763629987,323,322.5,322,321.5,321,324.5,325,325.5,326,326.5
1685322342763629987,323,322.5,322,321.5,321,324.5,325,325.5,326,326.5
1685322343466304859,322.5,322,321.5,321,320.5,323,324.5,325,325.5,326
1685322343476616179,322.5,322,321.5,321,320.5,323,324.5,325,325.5,326
1685322343476616179,322.5,322,321.5,321,320.5,323,324.5,325,325.5,326
1685322343476724041,322.5,322,321.5,321,320.5,323,324.5,325,325.5,326
1685322343476724041,322.5,322,321.5,321,320.5,323,324.5,325,325.5,326
1685322343476724041,322.5,322,321.5,321,320.5,324.5,325,325.5,326,326.5
1685322343497569128,322.5,322,321.5,321,320.5,324.5,325,325.5,326,326.5
1685322343500002867,322.5,322,321.5,321,320.5,324.5,325,325.5,326,326.5
1685322343507966699,322.5,322,321.5,321,320.5,324.5,325,325.5,326,326.5
1685322343507966699,322.5,322,321.5,321,320.5,324.5,325,325.5,326,326.5
1685322343520251012,322.5,322,321.5,321,320.5,324.5,325,325.5,326,326.5
1685322343520274196,322.5,322,321.5,321,320.5,324.5,325,325.5,326,326.5
1685322348181690692,322.5,322,321.5,321,320.5,323.5,324.5,325,325.5,326
1685322348212185014,322.5,322,321.5,321,320.5,323.5,324.5,325,325.5,326
1685322348212325869,322.5,322,321.5,321,320.5,323.5,324.5,325,325.5,326
1685322348212325869,322.5,322,321.5,321,320.5,323.5,324.5,325,325.5,326
1685322348544965926,322.5,322,321.5,321,320.5,323.5,324.5,325,325.5,326
1685322350949544149,322.5,322,321.5,321,320.5,323.5,324.5,325,325.5,326
1685322351404411597,322.5,322,321.5,321,320.5,323,323.5,324.5,325,325.5
1685322351890692873,322.5,322,321.5,321,320.5,323,323.5,324.5,325,325.5
1685322351925650325,322.5,322,321.5,321,320.5,323,323.5,324.5,325,325.5
1685322352054387658,322.5,322,321.5,321,320.5,323,323.5,324.5,325,325.5
1685322354464785758,322.5,322,321.5,321,320.5,323,323.5,324,324.5,325
1685322354811681460,322.5,322,321.5,321,320.5,323,323.5,324,324.5,325
1685322358047412611,322.5,322,321.5,321,320.5,323,323.5,324,324.5,325
1685322360099194284,322.5,322,321.5,321,320.5,323,323.5,324,324.5,325
1685322360099258254,322.5,322,321.5,321,320.5,323,323.5,324,324.5,325
1685322363688428062,322.5,322,321.5,321,320.5,323,323.5,324,324.5,325
1685322366409859734,322.5,322,321.5,321,320.5,323,323.5,324,324.5,325
1685322369338583815,322,321.5,321,320.5,320,323,323.5,324,324.5,325
1685322369371468205,322,321.5,321,320.5,320,323,323.5,324,324.5,325
1685322369371468205,322,321.5,321,320.5,320,323,323.5,324,324.5,325
1685322369371468205,322,321.5,321,320.5,320,323,323.5,324,324.5,325
1685322369384692163,322,321.5,321,320.5,320,323,323.5,324,324.5,325
1685322369405055364,322,321.5,321,320.5,320,323,323.5,324,324.5,325
1685322369685949369,322,321.5,321,320.5,320,323,323.5,324,324.5,325
1685322371473866781,322,321.5,321,320.5,320,323,323.5,324,324.5,325
1685322378983771458,322,321.5,321,320.5,320,322.5,323,323.5,324,324.5
1685322379039213811,322,321.5,321,320.5,320,323,323.5,324,324.5,325
1685322379073107716,322,321.5,321,320.5,320,323,323.5,324,324.5,325
1685322379353474130,322,321.5,321,320.5,320,323,323.5,324,324.5,325
1685322379676960241,322,321.5,321,320.5,320,322.5,323,323.5,324,324.5
1685322380989744557,321.5,321,320.5,320,319.5,322.5,323,323.5,324,324.5
1685322381045290804,321.5,321,320.5,320,319.5,322.5,323,323.5,324,324.5
1685322381079971096,321.5,321,320.5,320,319.5,322.5,323,323.5,324,324.5
1685322381549972437,321.5,321,320.5,320,319.5,322.5,323,323.5,324,324.5
1685322382244167339,321.5,321,320.5,320,319.5,322.5,323,323.5,324,324.5
1685322385054106644,321.5,321,320.5,320,319.5,322.5,323,323.5,324,324.5
1685322385098182556,321.5,321,320.5,320,319.5,322.5,323,323.5,324,324.5
1685322385940400088,321.5,321,320.5,320,319.5,322,322.5,323,323.5,324
1685322385970688705,321.5,321,320.5,320,319.5,322.5,323,323.5,324,324.5
1685322385970688705,322,321.5,321,320.5,320,322.5,323,323.5,324,324.5
1685322386003252964,322,321.5,321,320.5,320,322.5,323,323.5,324,324.5
1685322387784240615,322,321.5,321,320.5,320,322.5,323,323.5,324,324.5
1685322387891125771,322,321.5,321,320.5,320,322.5,323,323.5,324,324.5
1685322388780589568,322,321.5,321,320.5,320,322.5,323,323.5,324,324.5
1685322388903665291,322,321.5,321,320.5,320,322.5,323,323.5,324,324.5
1685322388936956304,322,321.5,321,320.5,320,323,323.5,324,324.5,325
1685322388936956304,322,321.5,321,320.5,320,323,323.5,324,324.5,325
1685322388980061263,322.5,322,321.5,321,320.5,323,323.5,324,324.5,325
1685322388980061263,322.5,322,321.5,321,320.5,323.5,324,324.5,325,325.5
1685322388980061263,322.5,322,321.5,321,320.5,323.5,324,324.5,325,325.5
1685322389013857014,322.5,322,321.5,321,320.5,323.5,324,324.5,325,325.5
1685322389013909914,322,321.5,321,320.5,320,323.5,324,324.5,325,325.5
1685322389013909914,322,321.5,321,320.5,320,323.5,324,324.5,325,325.5
1685322389047899378,322.5,322,321.5,321,320.5,323.5,324,324.5,325,325.5
1685322389047899378,322.5,322,321.5,321,320.5,323.5,324,324.5,325,325.5
1685322389047934254,322,321.5,321,320.5,320,323.5,324,324.5,325,325.5
1685322389047934254,322,321.5,321,320.5,320,323.5,324,324.5,325,325.5
1685322389080431858,322,321.5,321,320.5,320,323.5,324,324.5,325,325.5
1685322389080431858,322,321.5,321,320.5,320,323.5,324,324.5,325,325.5
1685322389080568083,322,321.5,321,320.5,320,323.5,324,324.5,325,325.5
1685322389111217618,322,321.5,321,320.5,320,323.5,324,324.5,325,325.5
1685322389111217618,322,321.5,321,320.5,320,323.5,324,324.5,325,325.5
1685322389123526307,322,321.5,321,320.5,320,323,323.5,324,324.5,325
1685322389134049194,322,321.5,321,320.5,320,323,323.5,324,324.5,325
1685322389165619316,322,321.5,321,320.5,320,323,323.5,324,324.5,325
1685322391563714539,322,321.5,321,320.5,320,323,323.5,324,324.5,325
1685322393550386410,322,321.5,321,320.5,320,323,323.5,324,324.5,325
1685322394811322702,322,321.5,321,320.5,320,323,323.5,324,324.5,325
1685322394831705520,322,321.5,321,320.5,320,323,323.5,324,324.5,325
1685322394831705520,322,321.5,321,320.5,320,323,323.5,324,324.5,325
1685322394831705520,322,321.5,321,320.5,320,323,323.5,324,324.5,325
1685322394843635839,322,321.5,321,320.5,320,323,323.5,324,324.5,325
1685322394853987224,322,321.5,321,320.5,320,323,323.5,324,324.5,325
1685322395780181292,322,321.5,321,320.5,320,323,323.5,324,324.5,325
1685322397704369420,322.5,322,321.5,321,320.5,323,323.5,324,324.5,325
1685322397737479975,322.5,322,321.5,321,320.5,323,323.5,324,324.5,325
1685322397760158604,322.5,322,321.5,321,320.5,323,323.5,324,324.5,325
1685322398017014918,322.5,322,321.5,321,320.5,323,323.5,324,324.5,325
1685322398222893333,322,321.5,321,320.5,320,323,323.5,324,324.5,325
1685322398669246946,322,321.5,321,320.5,320,323,323.5,324,324.5,325
1685322398704152080,322,321.5,321,320.5,320,323,323.5,324,324.5,325
1685322399049437419,322,321.5,321,320.5,320,323,323.5,324,324.5,325
1685322399070300439,322,321.5,321,320.5,320,323,323.5,324,324.5,325
1685322399088530085,322,321.5,321,320.5,320,322.5,323,323.5,324,324.5
1685322399114889634,322,321.5,321,320.5,320,322.5,323,323.5,324,324.5
1685322400767491333,322,321.5,321,320.5,320,322.5,323,323.5,324,324.5
1685322400802483330,322,321.5,321,320.5,320,322.5,323,323.5,324,324.5
1685322400858010812,322,321.5,321,320.5,320,322.5,323,323.5,324,324.5
1685322405593695471,322,321.5,321,320.5,320,322.5,323,323.5,324,324.5
1685322405626624996,321.5,321,320.5,320,319.5,322.5,323,323.5,324,324.5
1685322405659389510,321.5,321,320.5,320,319.5,322.5,323,323.5,324,324.5
1685322405671507402,321.5,321,320.5,320,319.5,322.5,323,323.5,324,324.5
1685322405694179889,321.5,321,320.5,320,319.5,322.5,323,323.5,324,324.5
1685322405694179889,321.5,321,320.5,320,319.5,322.5,323,323.5,324,324.5
1685322406865798298,322,321.5,321,320.5,320,322.5,323,323.5,324,324.5
1685322406896236736,322,321.5,321,320.5,320,322.5,323,323.5,324,324.5
1685322406896236736,322,321.5,321,320.5,320,322.5,323,323.5,324,324.5
1685322407245601764,322,321.5,321,320.5,320,322.5,323,323.5,324,324.5
1685322412371979384,321.5,321,320.5,320,319.5,322.5,323,323.5,324,324.5
1685322412406825397,321.5,321,320.5,320,319.5,322.5,323,323.5,324,324.5
1685322412439792553,321.5,321,320.5,320,319.5,322.5,323,323.5,324,324.5
1685322415431408475,321.5,321,320.5,320,319.5,322,322.5,323,323.5,324
1685322415465161375,321.5,321,320.5,320,319.5,322.5,323,323.5,324,324.5
1685322415465206821,321.5,321,320.5,320,319.5,322.5,323,323.5,324,324.5
1685322415545152177,321.5,321,320.5,320,319.5,322.5,323,323.5,324,324.5
1685322415744888099,321.5,321,320.5,320,319.5,322.5,323,323.5,324,324.5
1685322415777692428,321.5,321,320.5,320,319.5,322.5,323,323.5,324,324.5
1685322418026192880,321.5,321,320.5,320,319.5,322.5,323,323.5,324,324.5
1685322420217559855,321.5,321,320.5,320,319.5,322,322.5,323,323.5,324
1685322420249399494,321.5,321,320.5,320,319.5,322.5,323,323.5,324,324.5
1685322420249508428,322,321.5,321,320.5,320,322.5,323,323.5,324,324.5
1685322420272427448,322,321.5,321,320.5,320,322.5,323,323.5,324,324.5
1685322421882667094,322,321.5,321,320.5,320,322.5,323,323.5,324,324.5
1685322424960872827,322,321.5,321,320.5,320,322.5,323,323.5,324,324.5
1685322424994105652,322,321.5,321,320.5,320,323,323.5,324,324.5,325
1685322425027523603,322,321.5,321,320.5,320,323,323.5,324,324.5,325
1685322425027523603,322,321.5,321,320.5,320,323,323.5,324,324.5,325
1685322425558922568,322,321.5,321,320.5,320,323,323.5,324,324.5,325
1685322426227612476,322,321.5,321,320.5,320,323,323.5,324,324.5,325
1685322427338735105,322.5,322,321.5,321,320.5,323,323.5,324,324.5,325
1685322427374553373,322.5,322,321.5,321,320.5,323,323.5,324,324.5,325
1685322428357497138,322,321.5,321,320.5,320,323,323.5,324,324.5,325
1685322428717894199,322,321.5,321,320.5,320,323,323.5,324,324.5,325
1685322428750604933,322,321.5,321,320.5,320,323,323.5,324,324.5,325
1685322431895511197,322,321.5,321,320.5,320,323,323.5,324,324.5,325
1685322433434530177,322,321.5,321,320.5,320,323,323.5,324,324.5,325
1685322435300776552,322,321.5,321,320.5,320,323,323.5,324,324.5,325
1685322437906117869,322,321.5,321,320.5,320,323,323.5,324,324.5,325
1685322437939641650,322,321.5,321,320.5,320,323,323.5,324,324.5,325
1685322439535693949,322,321.5,321,320.5,320,323,323.5,324,324.5,325
1685322439881039230,322,321.5,321,320.5,320,323,323.5,324,324.5,325
1685322443268539833,322,321.5,321,320.5,320,323,323.5,324,324.5,325
1685322446732287258,322,321.5,321,320.5,320,323,323.5,324,324.5,325
1685322447091842208,322,321.5,321,320.5,320,323,323.5,324,324.5,325
1685322456946635117,322,321.5,321,320.5,320,323,323.5,324,324.5,325
1685322468274798153,322,321.5,321,320.5,320,323,323.5,324,324.5,325
1685322471909645818,322,321.5,321,320.5,320,323,323.5,324,324.5,325
1685322472790238341,322,321.5,321,320.5,320,323,323.5,324,324.5,325
1685322476673812307,322,321.5,321,320.5,320,323,323.5,324,324.5,325
1685322476761470445,322,321.5,321,320.5,320,323,323.5,324,324.5,325
1685322480496111011,322,321.5,321,320.5,320,323,323.5,324,324.5,325
1685322486870574475,322,321.5,321,320.5,320,323,323.5,324,324.5,325
1685322490976798295,322,321.5,321,320.5,320,323,323.5,324,324.5,325
1685322491011513373,322,321.5,321,320.5,320,323,323.5,324,324.5,325
1685322491530761936,322,321.5,321,320.5,320,323,323.5,324,324.5,325
1685322491563662406,322.5,322,321.5,321,320.5,323,323.5,324,324.5,325
1685322491596302428,322.5,322,321.5,321,320.5,323,323.5,324,324.5,325
1685322491596302428,322,321.5,321,320.5,320,323,323.5,324,324.5,325
1685322491627349368,322.5,322,321.5,321,320.5,323,323.5,324,324.5,325
1685322496062481560,322,321.5,321,320.5,320,323,323.5,324,324.5,325
1685322496107026313,322,321.5,321,320.5,320,323,323.5,324,324.5,325
1685322496107026313,322,321.5,321,320.5,320,323,323.5,324,324.5,325
1685322496129089206,322,321.5,321,320.5,320,323,323.5,324,324.5,325
1685322500480786851,322,321.5,321,320.5,320,323,323.5,324,324.5,325
1685322501700178856,322,321.5,321,320.5,320,323,323.5,324,324.5,325
1685322503404199567,322,321.5,321,320.5,320,323,323.5,324,324.5,325
1685322503693949820,322,321.5,321,320.5,320,323,323.5,324,324.5,325
1685322503728340799,322,321.5,321,320.5,320,323,323.5,324,324.5,325
1685322503728487865,322,321.5,321,320.5,320,323,323.5,324,324.5,325
1685322503815835920,322,321.5,321,320.5,320,323,323.5,324,324.5,325
1685322504637391492,322,321.5,321,320.5,320,323,323.5,324,324.5,325
1685322509044466568,322,321.5,321,320.5,320,323,323.5,324,324.5,325
1685322509822556504,322,321.5,321,320.5,320,323,323.5,324,324.5,325
1685322510374601713,322,321.5,321,320.5,320,323,323.5,324,324.5,325
1685322510399236755,322,321.5,321,320.5,320,323,323.5,324,324.5,325
1685322510399348094,322,321.5,321,320.5,320,323,323.5,324,324.5,325
1685322512648257017,322,321.5,321,320.5,320,323,323.5,324,324.5,325
1685322512712360630,322,321.5,321,320.5,320,323,323.5,324,324.5,325
1685322513480816288,322,321.5,321,320.5,320,322.5,323,323.5,324,324.5
1685322513501077578,322,321.5,321,320.5,320,323,323.5,324,324.5,325
1685322515047837373,322,321.5,321,320.5,320,323,323.5,324,324.5,325
1685322515078917716,322.5,322,321.5,321,320.5,323,323.5,324,324.5,325
1685322515078973100,322.5,322,321.5,321,320.5,323,323.5,324,324.5,325
1685322515078973100,322.5,322,321.5,321,320.5,323,323.5,324,324.5,325
1685322515089893894,322.5,322,321.5,321,320.5,323,323.5,324,324.5,325
1685322515089893894,322.5,322,321.5,321,320.5,323,323.5,324,324.5,325
1685322515110572528,322.5,322,321.5,321,320.5,323,323.5,324,324.5,325
1685322515121002811,322.5,322,321.5,321,320.5,323,323.5,324,324.5,325
1685322518098919889,322.5,322,321.5,321,320.5,323,323.5,324,324.5,325
1685322518144731339,322.5,322,321.5,321,320.5,323,323.5,324,324.5,325
1685322518312832908,322.5,322,321.5,321,320.5,323,323.5,324,324.5,325
1685322529932259742,322.5,322,321.5,321,320.5,323,323.5,324,324.5,325
1685322531637609549,322.5,322,321.5,321,320.5,323,323.5,324,324.5,325
1685322533898084268,322.5,322,321.5,321,320.5,323,323.5,324,324.5,325
1685322538352635933,322.5,322,321.5,321,320.5,323,323.5,324,324.5,325
1685322538928014070,322.5,322,321.5,321,320.5,323,323.5,324,324.5,325
1685322546956416566,322.5,322,321.5,321,320.5,323,323.5,324,324.5,325
1685322550406393082,322.5,322,321.5,321,320.5,323,323.5,324,324.5,325
1685322559209751612,322.5,322,321.5,321,320.5,323,323.5,324,324.5,325
1685322562084178992,322.5,322,321.5,321,320.5,323,323.5,324,324.5,325
1685322564242674897,322.5,322,321.5,321,320.5,323,323.5,324,324.5,325
1685322564275462826,322.5,322,321.5,321,320.5,323,323.5,324,324.5,325
1685322571403851879,322.5,322,321.5,321,320.5,323,323.5,324,324.5,325
1685322572928339049,322.5,322,321.5,321,320.5,323,323.5,324,324.5,325
1685322572963680392,322.5,322,321.5,321,320.5,323,323.5,324,324.5,325
1685322573338563481,322.5,322,321.5,321,320.5,323,323.5,324,324.5,325
1685322573338673478,322.5,322,321.5,321,320.5,323,323.5,324,324.5,325
1685322576950971934,322.5,322,321.5,321,320.5,323,323.5,324,324.5,325
1685322580218451146,322.5,322,321.5,321,320.5,323,323.5,324,324.5,325
1685322581263768920,322.5,322,321.5,321,320.5,323,323.5,324,324.5,325
1685322581286438302,322.5,322,321.5,321,320.5,323,323.5,324,324.5,325
1685322581286474069,322.5,322,321.5,321,320.5,323,323.5,324,324.5,325
1685322586582582865,322.5,322,321.5,321,320.5,323,323.5,324,324.5,325
1685322588450527063,322.5,322,321.5,321,320.5,323,323.5,324,324.5,325
1685322589067805397,322.5,322,321.5,321,320.5,323,323.5,324,324.5,325
1685322592394192979,322.5,322,321.5,321,320.5,323,323.5,324,324.5,325
1685322598952764118,322.5,322,321.5,321,320.5,323,323.5,324,324.5,325
1685322599441223325,322.5,322,321.5,321,320.5,323,323.5,324,324.5,325
1685322604452651086,322.5,322,321.5,321,320.5,323,323.5,324,324.5,325
1685322610462905646,322.5,322,321.5,321,320.5,323,323.5,324,324.5,325
1685322619570114311,322.5,322,321.5,321,320.5,323,323.5,324,324.5,325
1685322619891509889,322.5,322,321.5,321,320.5,323,323.5,324,324.5,325
1685322619926515261,322.5,322,321.5,321,320.5,323,323.5,324,324.5,325
1685322623967119491,322.5,322,321.5,321,320.5,323,323.5,324,324.5,325
1685322630665334864,322,321.5,321,320.5,320,323,323.5,324,324.5,325
1685322630687823927,322,321.5,321,320.5,320,323,323.5,324,324.5,325
1685322630710381228,322,321.5,321,320.5,320,323,323.5,324,324.5,325
1685322630710381228,322,321.5,321,320.5,320,323,323.5,324,324.5,325
1685322630710381228,322,321.5,321,320.5,320,323,323.5,324,324.5,325
1685322630710611340,322,321.5,321,320.5,320,323,323.5,324,324.5,325
1685322630723595438,322,321.5,321,320.5,320,323,323.5,324,324.5,325
1685322630723595438,322,321.5,321,320.5,320,323,323.5,324,324.5,325
1685322637985914842,322,321.5,321,320.5,320,322.5,323,323.5,324,324.5
1685322638019599484,322,321.5,321,320.5,320,323,323.5,324,324.5,325
1685322638019743495,322.5,322,321.5,321,320.5,323,323.5,324,324.5,325
1685322638049311669,322.5,322,321.5,321,320.5,323,323.5,324,324.5,325
1685322638049311669,322.5,322,321.5,321,320.5,323,323.5,324,324.5,325
1685322638059562424,322.5,322,321.5,321,320.5,323,323.5,324,324.5,325
1685322638070073208,322.5,322,321.5,321,320.5,323,323.5,324,324.5,325
1685322638086109046,322.5,322,321.5,321,320.5,323,323.5,324,324.5,325
1685322639210255722,322.5,322,321.5,321,320.5,323,323.5,324,324.5,325
1685322639239202890,322.5,322,321.5,321,320.5,323,323.5,324,324.5,325
1685322643530365963,322.5,322,321.5,321,320.5,323,323.5,324,324.5,325
1685322645151922492,322.5,322,321.5,321,320.5,323,323.5,324,324.5,325
1685322645174366290,322.5,322,321.5,321,320.5,323,323.5,324,324.5,325
1685322645198868733,322.5,322,321.5,321,320.5,323,323.5,324,324.5,325
1685322645220436346,322.5,322,321.5,321,320.5,323,323.5,324,324.5,325
1685322645253160756,322.5,322,321.5,321,320.5,323,323.5,324,324.5,325
1685322646916217382,322.5,322,321.5,321,320.5,323,323.5,324,324.5,325
1685322659387700792,322.5,322,321.5,321,320.5,323,323.5,324,324.5,325
1685322659475743782,322.5,322,321.5,321,320.5,323,323.5,324,324.5,325
1685322660086314624,322.5,322,321.5,321,320.5,323,323.5,324,324.5,325
1685322660120919865,322.5,322,321.5,321,320.5,323,323.5,324,324.5,325
1685322669216731871,322.5,322,321.5,321,320.5,323,323.5,324,324.5,325
1685322679927294290,322.5,322,321.5,321,320.5,323,323.5,324,324.5,325
1685322679947878557,322.5,322,321.5,321,320.5,323,323.5,324,324.5,325
1685322685462200095,322.5,322,321.5,321,320.5,323,323.5,324,324.5,325
1685322686250568501,322.5,322,321.5,321,320.5,323,323.5,324,324.5,325
1685322688765504033,322.5,322,321.5,321,320.5,323,323.5,324,324.5,325
1685322688787227569,322.5,322,321.5,321,320.5,323,323.5,324,324.5,325
1685322688787227569,322.5,322,321.5,321,320.5,323.5,324,324.5,325,325.5
1685322688808455404,322.5,322,321.5,321,320.5,323.5,324,324.5,325,325.5
1685322688808504156,322.5,322,321.5,321,320.5,323.5,324,324.5,325,325.5
1685322688808504156,322.5,322,321.5,321,320.5,323.5,324,324.5,325,325.5
1685322688808504156,322.5,322,321.5,321,320.5,323.5,324,324.5,325,325.5
1685322688808504156,322.5,322,321.5,321,320.5,323.5,324,324.5,325,325.5
1685322688864240390,322.5,322,321.5,321,320.5,323.5,324,324.5,325,325.5
1685322688875948572,322.5,322,321.5,321,320.5,323.5,324,324.5,325,325.5
1685322690042933708,322.5,322,321.5,321,320.5,323.5,324,324.5,325,325.5
1685322690088902775,322.5,322,321.5,321,320.5,323.5,324,324.5,325,325.5
1685322702045982906,322.5,322,321.5,321,320.5,323.5,324,324.5,325,325.5
1685322702484175460,323,322.5,322,321.5,321,323.5,324,324.5,325,325.5
1685322702504740991,323,322.5,322,321.5,321,323.5,324,324.5,325,325.5
1685322711437390588,323,322.5,322,321.5,321,323.5,324,324.5,325,325.5
1685322719952784591,323,322.5,322,321.5,321,323.5,324,324.5,325,325.5
1685322721673784427,323,322.5,322,321.5,321,323.5,324,324.5,325,325.5
1685322727789073912,323,322.5,322,321.5,321,323.5,324,324.5,325,325.5
1685322729944934075,323,322.5,322,321.5,321,323.5,324.5,325,325.5,326
1685322729977856336,323,322.5,322,321.5,321,323.5,324.5,325,325.5,326
1685322737865834383,323,322.5,322,321.5,321,323.5,324.5,325,325.5,326
1685322740355422949,323,322.5,322,321.5,321,323.5,324.5,325,325.5,326
1685322742187067049,323,322.5,322,321.5,321,324.5,325,325.5,326,326.5
1685322742228094137,323,322.5,322,321.5,321,324.5,325,325.5,326,326.5
1685322748840829896,323,322.5,322,321.5,321,324.5,325,325.5,326,326.5
1685322748840829896,323,322.5,322,321.5,321,324,324.5,325,325.5,326
1685322748875271420,323,322.5,322,321.5,321,323.5,324,324.5,325,325.5
1685322748875271420,323,322.5,322,321.5,321,323.5,324,324.5,325,325.5
1685322748875271420,323,322.5,322,321.5,321,323.5,324,324.5,325,325.5
1685322748885091076,323,322.5,322,321.5,321,323.5,324,324.5,325,325.5
1685322748907782289,322.5,322,321.5,321,320.5,323.5,324,324.5,325,325.5
1685322748965299588,322.5,322,321.5,321,320.5,323.5,324,324.5,325,325.5
1685322748965405807,322.5,322,321.5,321,320.5,323.5,324,324.5,325,325.5
1685322748965405807,322.5,322,321.5,321,320.5,323.5,324,324.5,325,325.5
1685322749006034878,322.5,322,321.5,321,320.5,323.5,324,324.5,325,325.5
1685322751444112663,322.5,322,321.5,321,320.5,323.5,324,324.5,325,325.5
1685322751479073893,322,321.5,321,320.5,320,323.5,324,324.5,325,325.5
1685322751489418835,322,321.5,321,320.5,320,323.5,324,324.5,325,325.5
1685322751511832297,322,321.5,321,320.5,320,323.5,324,324.5,325,325.5
1685322751511832297,322,321.5,321,320.5,320,323,323.5,324,324.5,325
1685322751524030479,322,321.5,321,320.5,320,323,323.5,324,324.5,325
1685322751524030479,322,321.5,321,320.5,320,323,323.5,324,324.5,325
1685322751524030479,322,321.5,321,320.5,320,323,323.5,324,324.5,325
1685322755007932232,322,321.5,321,320.5,320,323.5,324,324.5,325,325.5
1685322755036443913,322,321.5,321,320.5,320,322.5,323.5,324,324.5,325
1685322755036443913,322,321.5,321,320.5,320,322.5,323.5,324,324.5,325
1685322755036443913,322,321.5,321,320.5,320,322.5,323.5,324,324.5,325
1685322755036443913,322,321.5,321,320.5,320,322.5,323.5,324,324.5,325
1685322755036600727,322,321.5,321,320.5,320,322.5,323.5,324,324.5,325
1685322755050945860,322,321.5,321,320.5,320,322.5,323.5,324,324.5,325
1685322755051097745,322,321.5,321,320.5,320,322.5,323.5,324,324.5,325
1685322755074335544,322,321.5,321,320.5,320,323.5,324,324.5,325,325.5
1685322755074335544,322,321.5,321,320.5,320,323.5,324,324.5,325,325.5
1685322756555303763,322,321.5,321,320.5,320,323.5,324,324.5,325,325.5
1685322759616829318,322,321.5,321,320.5,320,323.5,324,324.5,325,325.5
1685322761151288917,322,321.5,321,320.5,320,323.5,324,324.5,325,325.5
1685322761184772402,322,321.5,321,320.5,320,323.5,324,324.5,325,325.5
1685322761184949244,322,321.5,321,320.5,320,323.5,324,324.5,325,325.5
1685322762653232467,322,321.5,321,320.5,320,323.5,324,324.5,325,325.5
1685322764857746989,322,321.5,321,320.5,320,323.5,324,324.5,325,325.5
1685322768714181351,322,321.5,321,320.5,320,323.5,324,324.5,325,325.5
1685322771904194152,322,321.5,321,320.5,320,323,323.5,324,324.5,325
1685322771936719738,322,321.5,321,320.5,320,323,323.5,324,324.5,325
1685322771936719738,322,321.5,321,320.5,320,323,323.5,324,324.5,325
1685322772237258819,322.5,322,321.5,321,320.5,323,323.5,324,324.5,325
1685322772267366135,322.5,322,321.5,321,320.5,323,323.5,324,324.5,325
1685322785375853945,322.5,322,321.5,321,320.5,323,323.5,324,324.5,325
1685322786148134537,322.5,322,321.5,321,320.5,323,323.5,324,324.5,325
1685322788511460688,322.5,322,321.5,321,320.5,323,323.5,324,324.5,325
1685322792328899148,322.5,322,321.5,321,320.5,323,323.5,324,324.5,325
1685322797045536599,322.5,322,321.5,321,320.5,323,323.5,324,324.5,325
1685322801026857196,322.5,322,321.5,321,320.5,323,323.5,324,324.5,325
1685322804041688566,322.5,322,321.5,321,320.5,323,323.5,324,324.5,325
1685322806686845834,322.5,322,321.5,321,320.5,323,323.5,324,324.5,325
1685322812545073105,322.5,322,321.5,321,320.5,323,323.5,324,324.5,325
1685322834871635624,322.5,322,321.5,321,320.5,323,323.5,324,324.5,325
1685322835166278354,322.5,322,321.5,321,320.5,323,323.5,324,324.5,325
1685322853077434025,322.5,322,321.5,321,320.5,323,323.5,324,324.5,325
1685322859809424867,322.5,322,321.5,321,320.5,323,323.5,324,324.5,325
1685322859827645066,322.5,322,321.5,321,320.5,323,323.5,324,324.5,325
1685322859837862008,322,321.5,321,320.5,320,323,323.5,324,324.5,325
1685322864116188638,322,321.5,321,320.5,320,323,323.5,324,324.5,325
1685322864138708208,322,321.5,321,320.5,320,323,323.5,324,324.5,325
1685322867224526548,322,321.5,321,320.5,320,323,323.5,324,324.5,325
1685322870501782042,322,321.5,321,320.5,320,323,323.5,324,324.5,325
1685322875252768348,322,321.5,321,320.5,320,323,323.5,324,324.5,325
1685322878461730622,322,321.5,321,320.5,320,323,323.5,324,324.5,325
1685322890694384550,322,321.5,321,320.5,320,323,323.5,324,324.5,325
1685322893497522772,322,321.5,321,320.5,320,323,323.5,324,324.5,325
1685322895129560747,322,321.5,321,320.5,320,323,323.5,324,324.5,325
1685322896330676888,322.5,322,321.5,321,320.5,323,323.5,324,324.5,325
1685322896351370229,322.5,322,321.5,321,320.5,323,323.5,324,324.5,325
1685322932810027190,322.5,322,321.5,321,320.5,323,323.5,324,324.5,325
1685322939009352403,322.5,322,321.5,321,320.5,323,323.5,324,324.5,325
1685322939044163661,322.5,322,321.5,321,320.5,323,323.5,324,324.5,325
1685322939044297452,322.5,322,321.5,321,320.5,323,323.5,324,324.5,325
1685322939044297452,322.5,322,321.5,321,320.5,323,323.5,324,324.5,325
1685322939078911630,322.5,322,321.5,321,320.5,323,323.5,324,324.5,325
1685322939089129955,322.5,322,321.5,321,320.5,323,323.5,324,324.5,325
1685322939111814425,322.5,322,321.5,321,320.5,323,323.5,324,324.5,325
1685322939122115876,322.5,322,321.5,321,320.5,323,323.5,324,324.5,325
1685322939144597445,322.5,322,321.5,321,320.5,323,323.5,324,324.5,325
1685322945935687676,322,321.5,321,320.5,320,323,323.5,324,324.5,325
1685322945970477444,322,321.5,321,320.5,320,323,323.5,324,324.5,325
1685322945970477444,322,321.5,321,320.5,320,323,323.5,324,324.5,325
1685322964230747399,322,321.5,321,320.5,320,323,323.5,324,324.5,325
1685322965620888636,322,321.5,321,320.5,320,322.5,323,323.5,324,324.5
1685322965665557722,322,321.5,321,320.5,320,322.5,323,323.5,324,324.5
1685322975552152718,322,321.5,321,320.5,320,322.5,323,323.5,324,324.5
1685322977173451192,322,321.5,321,320.5,320,322.5,323,323.5,324,324.5
1685322977707610795,322,321.5,321,320.5,320,322.5,323,323.5,324,324.5
1685322977740443839,322,321.5,321,320.5,320,322.5,323,323.5,324,324.5
1685322977775165900,322,321.5,321,320.5,320,322.5,323,323.5,324,324.5
1685322979746762247,322,321.5,321,320.5,320,323,323.5,324,324.5,325
1685322999119942058,322,321.5,321,320.5,320,323,323.5,324,324.5,325
1685322999140393656,322,321.5,321,320.5,320,323,323.5,324,324.5,325
1685323005148126722,322,321.5,321,320.5,320,323,323.5,324,324.5,325
1685323006769419156,322.5,322,321.5,321,320.5,323,323.5,324,324.5,325
1685323006801827803,322.5,322,321.5,321,320.5,323,323.5,324,324.5,325
1685323010096053535,322.5,322,321.5,321,320.5,323,323.5,324,324.5,325
1685323013584144680,322.5,322,321.5,321,320.5,323,323.5,324,324.5,325
1685323013999514105,322.5,322,321.5,321,320.5,323,323.5,324,324.5,325
1685323014021420634,322.5,322,321.5,321,320.5,323,323.5,324,324.5,325
1685323014041595573,322.5,322,321.5,321,320.5,323,323.5,324,324.5,325
1685323014051826571,322.5,322,321.5,321,320.5,323,323.5,324,324.5,325
1685323016287231981,322.5,322,321.5,321,320.5,323,323.5,324,324.5,325
1685323024309354632,322.5,322,321.5,321,320.5,323,323.5,324,324.5,325
1685323025148433110,322.5,322,321.5,321,320.5,323,323.5,324,324.5,325
1685323032964506836,322.5,322,321.5,321,320.5,323,323.5,324,324.5,325
1685323034836204285,322.5,322,321.5,321,320.5,323,323.5,324,324.5,325
1685323035287741596,322.5,322,321.5,321,320.5,323,323.5,324,324.5,325
1685323036414164092,322.5,322,321.5,321,320.5,323,323.5,324,324.5,325
1685323038072016397,322.5,322,321.5,321,320.5,323,323.5,324,324.5,325
1685323038096586087,322.5,322,321.5,321,320.5,323,323.5,324,324.5,325
1685323038106972287,322.5,322,321.5,321,320.5,323.5,324,324.5,325,325.5
1685323038106972287,322.5,322,321.5,321,320.5,323.5,324,324.5,325,325.5
1685323038106972287,323,322.5,322,321.5,321,323.5,324,324.5,325,325.5
1685323038129538926,323,322.5,322,321.5,321,323.5,324,324.5,325,325.5
1685323038140343772,323,322.5,322,321.5,321,323.5,324,324.5,325,325.5
1685323038140896680,323,322.5,322,321.5,321,323.5,324,324.5,325,325.5
1685323038141006917,323,322.5,322,321.5,321,323.5,324,324.5,325,325.5
1685323038161390487,323,322.5,322,321.5,321,324,324.5,325,325.5,326
1685323038161390487,323.5,323,322.5,322,321.5,324,324.5,325,325.5,326
1685323038161390487,323.5,323,322.5,322,321.5,324,324.5,325,325.5,326
1685323038179573696,323.5,323,322.5,322,321.5,324,324.5,325,325.5,326
1685323038179680907,323.5,323,322.5,322,321.5,324.5,325,325.5,326,326.5
1685323041987871630,323.5,323,322.5,322,321.5,324.5,325,325.5,326,326.5
1685323042012446569,323.5,323,322.5,322,321.5,324.5,325,325.5,326,326.5
1685323044839785735,323.5,323,322.5,322,321.5,324.5,325,325.5,326,326.5
1685323057968640132,323.5,323,322.5,322,321.5,324.5,325,325.5,326,326.5
1685323058116546646,323.5,323,322.5,322,321.5,324.5,325,325.5,326,326.5
1685323058556632186,323.5,323,322.5,322,321.5,324.5,325,325.5,326,326.5
1685323062578654699,323,322.5,322,321.5,321,324.5,325,325.5,326,326.5
1685323062612147832,323,322.5,322,321.5,321,324.5,325,325.5,326,326.5
1685323062631953307,323,322.5,322,321.5,321,324.5,325,325.5,326,326.5
1685323066299875958,323,322.5,322,321.5,321,324,324.5,325,325.5,326
1685323066343035941,323,322.5,322,321.5,321,324,324.5,325,325.5,326
1685323066376928635,323,322.5,322,321.5,321,324,324.5,325,325.5,326
1685323075617399710,323,322.5,322,321.5,321,324,324.5,325,325.5,326
1685323081827971864,323,322.5,322,321.5,321,324,324.5,325,325.5,326
1685323091539141739,323,322.5,322,321.5,321,324,324.5,325,325.5,326
1685323091559751253,323,322.5,322,321.5,321,324,324.5,325,325.5,326
1685323091581738734,323,322.5,322,321.5,321,324,324.5,325,325.5,326
1685323099173082548,323.5,323,322.5,322,321.5,324,324.5,325,325.5,326
1685323099203597650,323.5,323,322.5,322,321.5,324,324.5,325,325.5,326
1685323101388693376,323.5,323,322.5,322,321.5,324,324.5,325,325.5,326
1685323101627492321,323.5,323,322.5,322,321.5,324,324.5,325,325.5,326
1685323101987897131,323,322.5,322,321.5,321,324,324.5,325,325.5,326
1685323103010806784,323,322.5,322,321.5,321,324,324.5,325,325.5,326
1685323103119292455,323,322.5,322,321.5,321,324,324.5,325,325.5,326
1685323103152065406,323,322.5,322,321.5,321,324,324.5,325,325.5,326
1685323106490437910,323,322.5,322,321.5,321,324,324.5,325,325.5,326
1685323111561212868,323,322.5,322,321.5,321,324,324.5,325,325.5,326
1685323118304333866,323,322.5,322,321.5,321,324,324.5,325,325.5,326
1685323121296525545,323,322.5,322,321.5,321,324,324.5,325,325.5,326
1685323123353063384,323,322.5,322,321.5,321,324,324.5,325,325.5,326
1685323132308839373,323.5,323,322.5,322,321.5,324,324.5,325,325.5,326
1685323137733976178,323.5,323,322.5,322,321.5,324,324.5,325,325.5,326
1685323143087096322,323.5,323,322.5,322,321.5,324,324.5,325,325.5,326
1685323149950577189,323,322.5,322,321.5,321,324,324.5,325,325.5,326
1685323154487971919,323,322.5,322,321.5,321,324,324.5,325,325.5,326
1685323160405550615,323,322.5,322,321.5,321,324,324.5,325,325.5,326
1685323160451213477,323,322.5,322,321.5,321,324,324.5,325,325.5,326
1685323160509028365,323,322.5,322,321.5,321,323.5,324,324.5,325,325.5
1685323160542561183,323,322.5,322,321.5,321,323.5,324,324.5,325,325.5
1685323160553016282,323,322.5,322,321.5,321,323.5,324,324.5,325,325.5
1685323160553016282,323,322.5,322,321.5,321,323.5,324,324.5,325,325.5
1685323171143440519,323,322.5,322,321.5,321,323.5,324,324.5,325,325.5
1685323171168578376,323,322.5,322,321.5,321,323.5,324,324.5,325,325.5
1685323171169558887,323,322.5,322,321.5,321,323.5,324,324.5,325,325.5
1685323171191023687,323,322.5,322,321.5,321,323.5,324,324.5,325,325.5
1685323171191110820,323,322.5,322,321.5,321,323.5,324,324.5,325,325.5
1685323178215106777,323,322.5,322,321.5,321,324,324.5,325,325.5,326
1685323179896549347,323,322.5,322,321.5,321,324,324.5,325,325.5,326
1685323179929126481,323,322.5,322,321.5,321,324,324.5,325,325.5,326
1685323184553311452,323,322.5,322,321.5,321,324,324.5,325,325.5,326
1685323184581594804,323.5,323,322.5,322,321.5,324,324.5,325,325.5,326
1685323184581594804,323.5,323,322.5,322,321.5,324,324.5,325,325.5,326
1685323184677705472,323.5,323,322.5,322,321.5,324,324.5,325,325.5,326
1685323199262660428,323.5,323,322.5,322,321.5,324,324.5,325,325.5,326
1685323199293371368,323.5,323,322.5,322,321.5,324,324.5,325,325.5,326
1685323199725735122,323.5,323,322.5,322,321.5,324.5,325,325.5,326,326.5
1685323199747057775,323.5,323,322.5,322,321.5,324.5,325,325.5,326,326.5
1685323199769501132,323.5,323,322.5,322,321.5,324.5,325,325.5,326,326.5
1685323207088230765,323.5,323,322.5,322,321.5,324.5,325,325.5,326,326.5
1685323208207389347,324,323.5,323,322.5,322,324.5,325,325.5,326,326.5
1685323208242366557,324,323.5,323,322.5,322,324.5,325,325.5,326,326.5
1685323208242444864,324,323.5,323,322.5,322,324.5,325,325.5,326,326.5
1685323211480277278,324,323.5,323,322.5,322,324.5,325,325.5,326,326.5
1685323211955299904,324,323.5,323,322.5,322,324.5,325,325.5,326,326.5
1685323213366594040,324,323.5,323,322.5,322,324.5,325,325.5,326,326.5
1685323213548790995,324,323.5,323,322.5,322,324.5,325,325.5,326,326.5
1685323215255807962,324,323.5,323,322.5,322,324.5,325,325.5,326,326.5
1685323215535244614,324,323.5,323,322.5,322,324.5,325,325.5,326,326.5
1685323215558370042,324,323.5,323,322.5,322,324.5,325,325.5,326,326.5
1685323215558370042,324,323.5,323,322.5,322,324.5,325,325.5,326,326.5
1685323217411164226,324,323.5,323,322.5,322,324.5,325,325.5,326,326.5
1685323218905625028,324,323.5,323,322.5,322,324.5,325,325.5,326,326.5
1685323220745529111,324,323.5,323,322.5,322,324.5,325,325.5,326,326.5
1685323222551760543,324,323.5,323,322.5,322,324.5,325,325.5,326,326.5
1685323224957231117,324,323.5,323,322.5,322,324.5,325,325.5,326,326.5
1685323224979821701,324,323.5,323,322.5,322,324.5,325,325.5,326,326.5
1685323225129633914,324,323.5,323,322.5,322,324.5,325,325.5,326,326.5
1685323225162369064,324,323.5,323,322.5,322,324.5,325,325.5,326,326.5
1685323228477806392,324,323.5,323,322.5,322,324.5,325,325.5,326,326.5
1685323229095457604,324,323.5,323,322.5,322,324.5,325,325.5,326,326.5
1685323229630451385,324,323.5,323,322.5,322,324.5,325,325.5,326,326.5
1685323230012270431,324,323.5,323,322.5,322,324.5,325,325.5,326,326.5
1685323244096928820,324,323.5,323,322.5,322,325,325.5,326,326.5,327
1685323244142777241,324,323.5,323,322.5,322,325,325.5,326,326.5,327
1685323244175992933,324,323.5,323,322.5,322,325,325.5,326,326.5,327
1685323245104665818,324,323.5,323,322.5,322,325,325.5,326,326.5,327
1685323253058113471,324,323.5,323,322.5,322,325,325.5,326,326.5,327
1685323257112807767,324,323.5,323,322.5,322,325,325.5,326,326.5,327
1685323263053447861,324,323.5,323,322.5,322,325,325.5,326,326.5,327
1685323263584170143,324.5,324,323.5,323,322.5,325,325.5,326,326.5,327
1685323269266138581,324.5,324,323.5,323,322.5,325,325.5,326,326.5,327
1685323270047652284,324.5,324,323.5,323,322.5,325,325.5,326,326.5,327
1685323271724754096,324.5,324,323.5,323,322.5,325,325.5,326,326.5,327
1685323282275307073,324.5,324,323.5,323,322.5,325,325.5,326,326.5,327
1685323283333416627,324,323.5,323,322.5,322,325,325.5,326,326.5,327
1685323285517387908,324.5,324,323.5,323,322.5,325,325.5,326,326.5,327
1685323285539780730,324.5,324,323.5,323,322.5,325,325.5,326,326.5,327
1685323291367283431,324.5,324,323.5,323,322.5,325,325.5,326,326.5,327
1685323291400044580,324.5,324,323.5,323,322.5,325,325.5,326,326.5,327
1685323295237201432,324.5,324,323.5,323,322.5,325,325.5,326,326.5,327
1685323301593136516,324.5,323.5,323,322.5,322,325,325.5,326,326.5,327
1685323303186530457,324.5,323.5,323,322.5,322,325,325.5,326,326.5,327
1685323306918399862,323.5,323,322.5,322,321.5,325,325.5,326,326.5,327
1685323306965082639,323.5,323,322.5,322,321.5,325,325.5,326,326.5,327
1685323306997873454,323.5,323,322.5,322,321.5,325,325.5,326,326.5,327
1685323314746536891,323.5,323,322.5,322,321.5,325,325.5,326,326.5,327
1685323314746536891,323.5,323,322.5,322,321.5,325,325.5,326,326.5,327
1685323314771869904,323.5,323,322.5,322,321.5,325,325.5,326,326.5,327
1685323317461510291,323.5,323,322.5,322,321.5,325,325.5,326,326.5,327
1685323323879635520,323.5,323,322.5,322,321.5,325,325.5,326,326.5,327
1685323325620689574,323.5,323,322.5,322,321.5,325,325.5,326,326.5,327
1685323329013152233,323.5,323,322.5,322,321.5,325,325.5,326,326.5,327
1685323347774954978,323.5,323,322.5,322,321.5,325,325.5,326,326.5,327
1685323352574536799,324.5,323.5,323,322.5,322,325,325.5,326,326.5,327
1685323352606200778,324.5,323.5,323,322.5,322,325,325.5,326,326.5,327
1685323352606200778,323.5,323,322.5,322,321.5,325,325.5,326,326.5,327
1685323352606200778,323.5,323,322.5,322,321.5,324.5,325,325.5,326,326.5
1685323352606200778,323.5,323,322.5,322,321.5,324.5,325,325.5,326,326.5
1685323352606200778,323.5,323,322.5,322,321.5,324.5,325,325.5,326,326.5
1685323352606277732,323.5,323,322.5,322,321.5,324.5,325,325.5,326,326.5
1685323352636911808,323.5,323,322.5,322,321.5,324.5,325,325.5,326,326.5
1685323352636911808,323.5,323,322.5,322,321.5,324.5,325,325.5,326,326.5
1685323352657205880,323.5,323,322.5,322,321.5,324.5,325,325.5,326,326.5
1685323353122459245,323.5,323,322.5,322,321.5,324.5,325,325.5,326,326.5
1685323353144799819,323.5,323,322.5,322,321.5,324.5,325,325.5,326,326.5
1685323357877392789,323.5,323,322.5,322,321.5,324.5,325,325.5,326,326.5
1685323360708305077,323.5,323,322.5,322,321.5,324.5,325,325.5,326,326.5
1685323362170647440,323.5,323,322.5,322,321.5,324.5,325,325.5,326,326.5
1685323367544500288,323.5,323,322.5,322,321.5,324.5,325,325.5,326,326.5
1685323367577963435,323.5,323,322.5,322,321.5,324.5,325,325.5,326,326.5
1685323368224542810,323.5,323,322.5,322,321.5,325,325.5,326,326.5,327
1685323368259539546,323.5,323,322.5,322,321.5,325,325.5,326,326.5,327
1685323368259539546,323.5,323,322.5,322,321.5,325,325.5,326,326.5,327
1685323368269697268,323.5,323,322.5,322,321.5,325,325.5,326,326.5,327
1685323368292232778,323.5,323,322.5,322,321.5,325,325.5,326,326.5,327
1685323368304459263,323.5,323,322.5,322,321.5,325,325.5,326,326.5,327
1685323368359620559,323.5,323,322.5,322,321.5,325,325.5,326,326.5,327
1685323383087956725,323.5,323,322.5,322,321.5,325,325.5,326,326.5,327
1685323383411628921,324,323.5,323,322.5,322,325,325.5,326,326.5,327
1685323383448241211,324,323.5,323,322.5,322,325,325.5,326,326.5,327
1685323383481241188,323.5,323,322.5,322,321.5,325,325.5,326,326.5,327
1685323391071132158,323.5,323,322.5,322,321.5,325,325.5,326,326.5,327
1685323391105940230,323.5,323,322.5,322,321.5,325,325.5,326,326.5,327
1685323392663028269,323.5,323,322.5,322,321.5,325,325.5,326,326.5,327
1685323396772857250,323.5,323,322.5,322,321.5,324,325,325.5,326,326.5
1685323396807764939,323.5,323,322.5,322,321.5,324,325,325.5,326,326.5
1685323397041706896,323.5,323,322.5,322,321.5,324,325,325.5,326,326.5
1685323397562399018,323.5,323,322.5,322,321.5,324,325,325.5,326,326.5
1685323397574661911,323.5,323,322.5,322,321.5,324,325,325.5,326,326.5
1685323398200359140,323.5,323,322.5,322,321.5,324,325,325.5,326,326.5
1685323398200394036,323.5,323,322.5,322,321.5,324,325,325.5,326,326.5
1685323414560937164,323.5,323,322.5,322,321.5,324,325,325.5,326,326.5
1685323415718111073,323.5,323,322.5,322,321.5,324,325,325.5,326,326.5
1685323421852952866,323.5,323,322.5,322,321.5,324,324.5,325,325.5,326
1685323433371085852,323.5,323,322.5,322,321.5,324,324.5,325,325.5,326
1685323440564716557,323.5,323,322.5,322,321.5,324,324.5,325,325.5,326
1685323440577047809,323.5,323,322.5,322,321.5,324,324.5,325,325.5,326
1685323454564997472,323.5,323,322.5,322,321.5,324.5,325,325.5,326,326.5
1685323454593640008,323.5,323,322.5,322,321.5,324.5,325,325.5,326,326.5
1685323454593801922,323.5,323,322.5,322,321.5,324.5,325,325.5,326,326.5
1685323454593801922,323.5,323,322.5,322,321.5,324.5,325,325.5,326,326.5
1685323454593801922,323.5,323,322.5,322,321.5,324.5,325,325.5,326,326.5
1685323454626416426,323.5,323,322.5,322,321.5,324.5,325,325.5,326,326.5
1685323454626416426,323.5,323,322.5,322,321.5,324.5,325,325.5,326,326.5
1685323454626416426,323.5,323,322.5,322,321.5,324.5,325,325.5,326,326.5
1685323454659197132,323.5,323,322.5,322,321.5,324,324.5,325,325.5,326
1685323454659197132,323.5,323,322.5,322,321.5,324,324.5,325,325.5,326
1685323454659197132,323,322.5,322,321.5,321,324,324.5,325,325.5,326
1685323454682427046,323,322.5,322,321.5,321,324,324.5,325,325.5,326
1685323454682882321,323,322.5,322,321.5,321,324,324.5,325,325.5,326
1685323454682882321,323,322.5,322,321.5,321,324,324.5,325,325.5,326
1685323454682882321,323,322.5,322,321.5,321,324,324.5,325,325.5,326
1685323454702586636,323,322.5,322,321.5,321,324,324.5,325,325.5,326
1685323454702612224,323,322.5,322,321.5,321,324,324.5,325,325.5,326
1685323456909149829,323,322.5,322,321.5,321,324,324.5,325,325.5,326
1685323460577693027,323,322.5,322,321.5,321,324,324.5,325,325.5,326
1685323466777370433,323.5,323,322.5,322,321.5,324,324.5,325,325.5,326
1685323466810163712,323.5,323,322.5,322,321.5,324,324.5,325,325.5,326
1685323466820703130,323,322.5,322,321.5,321,324,324.5,325,325.5,326
1685323466820703130,323,322.5,322,321.5,321,323.5,324,324.5,325,325.5
1685323466820703130,323,322.5,322,321.5,321,323.5,324,324.5,325,325.5
1685323466843610729,323,322.5,322,321.5,321,323.5,324,324.5,325,325.5
1685323467552563171,323,322.5,322,321.5,321,323.5,324,324.5,325,325.5
1685323469375545961,322.5,322,321.5,321,320.5,323,323.5,324,324.5,325
1685323469409466617,322.5,322,321.5,321,320.5,323,323.5,324,324.5,325
1685323469409466617,322.5,322,321.5,321,320.5,323,323.5,324,324.5,325
1685323469409466617,322.5,322,321.5,321,320.5,323,323.5,324,324.5,325
1685323469409466617,322.5,322,321.5,321,320.5,323,323.5,324,324.5,325
1685323469410250829,322,321.5,321,320.5,320,323,323.5,324,324.5,325
1685323469410250829,322,321.5,321,320.5,320,323,323.5,324,324.5,325
1685323469419684802,322,321.5,321,320.5,320,323,323.5,324,324.5,325
1685323469442158957,322,321.5,321,320.5,320,323,323.5,324,324.5,325
1685323469442158957,322,321.5,321,320.5,320,323,323.5,324,324.5,325
1685323470113614238,322,321.5,321,320.5,320,323,323.5,324,324.5,325
1685323474644830349,322.5,322,321.5,321,320.5,323,323.5,324,324.5,325
1685323474677566892,322,321.5,321,320.5,320,323,323.5,324,324.5,325
1685323474677602750,322,321.5,321,320.5,320,323,323.5,324,324.5,325
1685323474710303666,322,321.5,321,320.5,320,323,323.5,324,324.5,325
1685323481953165377,322,321.5,321,320.5,320,323,323.5,324,324.5,325
1685323485667760629,322,321.5,321,320.5,320,323,323.5,324,324.5,325
1685323494548502169,322,321.5,321,320.5,320,323,323.5,324,324.5,325
1685323503093043353,322,321.5,321,320.5,320,323,323.5,324,324.5,325
1685323503182973958,322,321.5,321,320.5,320,323,323.5,324,324.5,325
1685323505076468214,322,321.5,321,320.5,320,323,323.5,324,324.5,325
1685323506066764441,322,321.5,321,320.5,320,323,323.5,324,324.5,325
1685323507009739422,322,321.5,321,320.5,320,323,323.5,324,324.5,325
1685323510807975281,322,321.5,321,320.5,320,323,323.5,324,324.5,325
1685323513142491058,322,321.5,321,320.5,320,323,323.5,324,324.5,325
1685323513173516658,322,321.5,321,320.5,320,323,323.5,324,324.5,325
1685323513739478916,322,321.5,321,320.5,320,323,323.5,324,324.5,325
1685323521896025700,322,321.5,321,320.5,320,323,323.5,324,324.5,325
1685323531928928164,322,321.5,321,320.5,320,323,323.5,324,324.5,325
1685323535967997481,322,321.5,321,320.5,320,323,323.5,324,324.5,325
1685323537707688762,322,321.5,321,320.5,320,323,323.5,324,324.5,325
1685323541217750424,322,321.5,321,320.5,320,323,323.5,324,324.5,325
1685323541788303852,322,321.5,321,320.5,320,323,323.5,324,324.5,325
1685323562038911285,322,321.5,321,320.5,320,323,323.5,324,324.5,325
1685323580477460392,322,321.5,321,320.5,320,323,323.5,324,324.5,325
1685323580508079850,322,321.5,321,320.5,320,323,323.5,324,324.5,325
1685323587320830245,322,321.5,321,320.5,320,323,323.5,324,324.5,325
1685323588615108441,322,321.5,321,320.5,320,323,323.5,324,324.5,325
1685323595236497785,322,321.5,321,320.5,320,323,323.5,324,324.5,325
1685323601696831737,322,321.5,321,320.5,320,323,323.5,324,324.5,325
1685323604648164255,322,321.5,321,320.5,320,323,323.5,324,324.5,325
1685323615678686569,322,321.5,321,320.5,320,323,323.5,324,324.5,325
1685323618171415816,322,321.5,321,320.5,320,323,323.5,324,324.5,325
1685323621179432689,322,321.5,321,320.5,320,323,323.5,324,324.5,325
1685323621211526295,322,321.5,321,320.5,320,323,323.5,324,324.5,325
1685323621580114803,322,321.5,321,320.5,320,323,323.5,324,324.5,325
1685323626160498537,322,321.5,321,320.5,320,323,323.5,324,324.5,325
1685323626193374271,322,321.5,321,320.5,320,323,323.5,324,324.5,325
1685323630403116644,322,321.5,321,320.5,320,323,323.5,324,324.5,325
1685323633610153099,322,321.5,321,320.5,320,323,323.5,324,324.5,325
1685323641192549655,322,321.5,321,320.5,320,323,323.5,324,324.5,325
1685323657939631880,322,321.5,321,320.5,320,323,323.5,324,324.5,325
1685323659702002485,322,321.5,321,320.5,320,323,323.5,324,324.5,325
1685323668299266977,322,321.5,321,320.5,320,323,323.5,324,324.5,325
1685323672758437074,322.5,322,321.5,321,320.5,323,323.5,324,324.5,325
1685323673467756417,322.5,322,321.5,321,320.5,323,323.5,324,324.5,325
1685323679135711869,322.5,322,321.5,321,320.5,323,323.5,324,324.5,325
1685323679135809101,322.5,322,321.5,321,320.5,323,323.5,324,324.5,325
1685323684522334456,322.5,322,321.5,321,320.5,323,323.5,324,324.5,325
1685323684553879923,322.5,322,321.5,321,320.5,323,323.5,324,324.5,325
1685323684553895192,322.5,322,321.5,321,320.5,323,323.5,324,324.5,325
1685323687810989132,322.5,322,321.5,321,320.5,323,323.5,324,324.5,325
1685323692267000510,322.5,322,321.5,321,320.5,323,323.5,324,324.5,325
1685323693687968259,322.5,322,321.5,321,320.5,323,323.5,324,324.5,325
1685323699971205149,322.5,322,321.5,321,320.5,323,323.5,324,324.5,325
1685323704321082490,322.5,322,321.5,321,320.5,323,323.5,324,324.5,325
1685323705462046970,322.5,322,321.5,321,320.5,323,323.5,324,324.5,325
1685323705462046970,322.5,322,321.5,321,320.5,323,323.5,324,324.5,325
1685323705462046970,322.5,322,321.5,321,320.5,323,323.5,324,324.5,325
1685323706899818809,322.5,322,321.5,321,320.5,323,323.5,324,324.5,325
1685323707964595947,322.5,322,321.5,321,320.5,323,323.5,324,324.5,325
1685323713111204899,322.5,322,321.5,321,320.5,323,323.5,324,324.5,325
1685323714901319204,322.5,322,321.5,321,320.5,323.5,324,324.5,325,325.5
1685323714924007742,322.5,322,321.5,321,320.5,323.5,324,324.5,325,325.5
1685323714944342581,322.5,322,321.5,321,320.5,323.5,324,324.5,325,325.5
1685323715753185941,323,322.5,322,321.5,321,323.5,324,324.5,325,325.5
1685323717181802832,323,322.5,322,321.5,321,323.5,324,324.5,325,325.5
1685323717181802832,323,322.5,322,321.5,321,323.5,324,324.5,325,325.5
1685323723443625358,323,322.5,322,321.5,321,323.5,324,324.5,325,325.5
1685323724324185758,323,322.5,322,321.5,321,323.5,324,324.5,325,325.5
1685323725054346621,323,322.5,322,321.5,321,323.5,324,324.5,325,325.5
1685323725560265308,323,322.5,322,321.5,321,323.5,324,324.5,325,325.5
1685323725560291126,323,322.5,322,321.5,321,323.5,324,324.5,325,325.5
1685323746704987872,323,322.5,322,321.5,321,323.5,324,324.5,325,325.5
1685323746725416747,323,322.5,322,321.5,321,323.5,324,324.5,325,325.5
1685323746725416747,323,322.5,322,321.5,321,323.5,324,324.5,325,325.5
1685323746725416747,322.5,322,321.5,321,320.5,323.5,324,324.5,325,325.5
1685323746745978642,322.5,322,321.5,321,320.5,323.5,324,324.5,325,325.5
1685323770131282244,322.5,322,321.5,321,320.5,323.5,324,324.5,325,325.5
1685323812829475833,322.5,322,321.5,321,320.5,323.5,324,324.5,325,325.5
1685323812864301829,322.5,322,321.5,321,320.5,323.5,324,324.5,325,325.5
1685323812864357333,322.5,322,321.5,321,320.5,323.5,324,324.5,325,325.5
1685323812897088717,322.5,322,321.5,321,320.5,323,323.5,324,324.5,325
1685323812897088717,322.5,322,321.5,321,320.5,323,323.5,324,324.5,325
1685323812897088717,322.5,322,321.5,321,320.5,323,323.5,324,324.5,325
1685323812897088717,322.5,322,321.5,321,320.5,323,323.5,324,324.5,325
1685323812897131998,322.5,322,321.5,321,320.5,323,323.5,324,324.5,325
1685323812931907610,322.5,322,321.5,321,320.5,323,323.5,324,324.5,325
1685323812931907610,322.5,322,321.5,321,320.5,323,323.5,324,324.5,325
1685323812931907610,322.5,322,321.5,321,320.5,323,323.5,324,324.5,325
1685323812932021634,322.5,322,321.5,321,320.5,323,323.5,324,324.5,325
1685323812932021634,322,321.5,321,320.5,320,322.5,323,323.5,324,324.5
1685323812966877145,322,321.5,321,320.5,320,322.5,323,323.5,324,324.5
1685323812966877145,322,321.5,321,320.5,320,322.5,323,323.5,324,324.5
1685323812966877145,322,321.5,321,320.5,320,322.5,323,323.5,324,324.5
1685323812966877145,322,321.5,321,320.5,320,322.5,323,323.5,324,324.5
1685323812979296292,322,321.5,321,320.5,320,322.5,323,323.5,324,324.5
1685323813061021262,322,321.5,321,320.5,320,322.5,323,323.5,324,324.5
1685323814425000426,322,321.5,321,320.5,320,322.5,323,323.5,324,324.5
1685323819960870397,322,321.5,321,320.5,320,322.5,323,323.5,324,324.5
1685323819993478639,322,321.5,321,320.5,320,323,323.5,324,324.5,325
1685323819993478639,322,321.5,321,320.5,320,323,323.5,324,324.5,325
1685323820026273412,322,321.5,321,320.5,320,323,323.5,324,324.5,325
1685323820026273412,322,321.5,321,320.5,320,323,323.5,324,324.5,325
1685323820061081534,322,321.5,321,320.5,320,323,323.5,324,324.5,325
1685323820061081534,322,321.5,321,320.5,320,323,323.5,324,324.5,325
1685323820061081534,322,321.5,321,320.5,320,323,323.5,324,324.5,325
1685323820071335076,322,321.5,321,320.5,320,323,323.5,324,324.5,325
1685323820093801426,322,321.5,321,320.5,320,323,323.5,324,324.5,325
1685323824555605378,322,321.5,321,320.5,320,323,323.5,324,324.5,325
1685323824555605378,322,321.5,321,320.5,320,323,323.5,324,324.5,325
1685323825150588365,322,321.5,321,320.5,320,323,323.5,324,324.5,325
1685323825955511516,322,321.5,321,320.5,320,323,323.5,324,324.5,325
1685323834563391237,322,321.5,321,320.5,320,323,323.5,324,324.5,325
1685323834945097655,322,321.5,321,320.5,320,323,323.5,324,324.5,325
1685323838736472770,322.5,322,321.5,321,320.5,323,323.5,324,324.5,325
1685323840868142943,322,321.5,321,320.5,320,323,323.5,324,324.5,325
1685323865058179038,322,321.5,321,320.5,320,323,323.5,324,324.5,325
1685323865094455077,322,321.5,321,320.5,320,323,323.5,324,324.5,325
1685323865094511082,322,321.5,321,320.5,320,323,323.5,324,324.5,325
1685323865129033408,322,321.5,321,320.5,320,322.5,323,323.5,324,324.5
1685323865161542524,322,321.5,321,320.5,320,322.5,323,323.5,324,324.5
1685323867188557206,322,321.5,321,320.5,320,322.5,323,323.5,324,324.5
1685323867229220251,322,321.5,321,320.5,320,323,323.5,324,324.5,325
1685323867229220251,322,321.5,321,320.5,320,323,323.5,324,324.5,325
1685323869218236701,322,321.5,321,320.5,320,323,323.5,324,324.5,325
1685323869249289853,322,321.5,321,320.5,320,323,323.5,324,324.5,325
1685323874043294899,322,321.5,321,320.5,320,323,323.5,324,324.5,325
1685323874077639421,322,321.5,321,320.5,320,322.5,323,323.5,324,324.5
1685323874077639421,322,321.5,321,320.5,320,322.5,323,323.5,324,324.5
1685323874077639421,321.5,321,320.5,320,319.5,322.5,323,323.5,324,324.5
1685323874108398291,321.5,321,320.5,320,319.5,322.5,323,323.5,324,324.5
1685323874108398291,321.5,321,320.5,320,319.5,322.5,323,323.5,324,324.5
1685323874108398291,321.5,321,320.5,320,319.5,322.5,323,323.5,324,324.5
1685323874108505573,321.5,321,320.5,320,319.5,322.5,323,323.5,324,324.5
1685323874119591697,321.5,321,320.5,320,319.5,322.5,323,323.5,324,324.5
1685323874132009642,321.5,321,320.5,320,319.5,322.5,323,323.5,324,324.5
1685323874141208713,321.5,321,320.5,320,319.5,322.5,323,323.5,324,324.5
1685323874141375346,321.5,321,320.5,320,319.5,322.5,323,323.5,324,324.5
1685323875692061626,321.5,321,320.5,320,319.5,322.5,323,323.5,324,324.5
1685323875712159059,321.5,321,320.5,320,319.5,322,322.5,323,323.5,324
1685323875722289389,321.5,321,320.5,320,319.5,322,322.5,323,323.5,324
1685323875734514512,321.5,321,320.5,320,319.5,322,322.5,323,323.5,324
1685323876045703673,321.5,321,320.5,320,319.5,322,322.5,323,323.5,324
1685323879525559319,321.5,321,320.5,320,319.5,322,322.5,323,323.5,324
1685323879535893201,321.5,321,320.5,320,319.5,322,322.5,323,323.5,324
1685323879561087003,321.5,321,320.5,320,319.5,322.5,323,323.5,324,324.5
1685323881283650775,321.5,321,320.5,320,319.5,322.5,323,323.5,324,324.5
1685323881316365818,321.5,321,320.5,320,319.5,322.5,323,323.5,324,324.5
1685323884633336877,321.5,321,320.5,320,319.5,322.5,323,323.5,324,324.5
1685323885561074634,321.5,321,320.5,320,319.5,322.5,323,323.5,324,324.5
1685323894786417096,321.5,321,320.5,320,319.5,322.5,323,323.5,324,324.5
1685323897472392815,321.5,321,320.5,320,319.5,322.5,323,323.5,324,324.5
1685323903665474604,321.5,321,320.5,320,319.5,322.5,323,323.5,324,324.5
1685323903688011788,321.5,321,320.5,320,319.5,322.5,323,323.5,324,324.5
1685323903720744754,321.5,321,320.5,320,319.5,322.5,323,323.5,324,324.5
1685323903720822841,321.5,321,320.5,320,319.5,322.5,323,323.5,324,324.5
1685323904673053625,321.5,321,320.5,320,319.5,322.5,323,323.5,324,324.5
1685323907270999207,321.5,321,320.5,320,319.5,322.5,323,323.5,324,324.5
1685323909714351838,321.5,321,320.5,320,319.5,322.5,323,323.5,324,324.5
1685323910036766476,321.5,321,320.5,320,319.5,322,322.5,323,323.5,324
1685323910067979619,321.5,321,320.5,320,319.5,322,322.5,323,323.5,324
1685323910067979619,321.5,321,320.5,320,319.5,322.5,323,323.5,324,324.5
1685323910100962144,321.5,321,320.5,320,319.5,322.5,323,323.5,324,324.5
1685323910122845149,321.5,321,320.5,320,319.5,322.5,323,323.5,324,324.5
1685323910133083582,321.5,321,320.5,320,319.5,322.5,323,323.5,324,324.5
1685323910153570066,321.5,321,320.5,320,319.5,322.5,323,323.5,324,324.5
1685323910153570066,321.5,321,320.5,320,319.5,322.5,323,323.5,324,324.5
1685323910163811624,321.5,321,320.5,320,319.5,322.5,323,323.5,324,324.5
1685323910184269454,321.5,321,320.5,320,319.5,322.5,323,323.5,324,324.5
1685323922207935242,321.5,321,320.5,320,319.5,322.5,323,323.5,324,324.5
1685323922242505127,322,321.5,321,320.5,320,322.5,323,323.5,324,324.5
1685323922285205989,322,321.5,321,320.5,320,322.5,323,323.5,324,324.5
1685323925528254659,322,321.5,321,320.5,320,322.5,323,323.5,324,324.5
1685323925571240716,322,321.5,321,320.5,320,322.5,323,323.5,324,324.5
1685323931494295579,321.5,321,320.5,320,319.5,322.5,323,323.5,324,324.5
1685323940721516894,321.5,321,320.5,320,319.5,322.5,323,323.5,324,324.5
1685323943711655664,322,321.5,321,320.5,320,322.5,323,323.5,324,324.5
1685323943744451278,322,321.5,321,320.5,320,322.5,323,323.5,324,324.5
1685323947731745189,322,321.5,321,320.5,320,322.5,323,323.5,324,324.5
1685323947764537587,321.5,321,320.5,320,319.5,322.5,323,323.5,324,324.5
1685323947808492463,321.5,321,320.5,320,319.5,322.5,323,323.5,324,324.5
1685323949528987031,321.5,321,320.5,320,319.5,322.5,323,323.5,324,324.5
1685323954651053180,322,321.5,321,320.5,320,322.5,323,323.5,324,324.5
1685323954693975367,322,321.5,321,320.5,320,322.5,323,323.5,324,324.5
1685323962839984406,322,321.5,321,320.5,320,322.5,323,323.5,324,324.5
1685323962861368745,322,321.5,321,320.5,320,322.5,323,323.5,324,324.5
1685323964672017590,322,321.5,321,320.5,320,322.5,323,323.5,324,324.5
1685323966711958743,322,321.5,321,320.5,320,322.5,323,323.5,324,324.5
1685323976172568281,322,321.5,321,320.5,320,322.5,323,323.5,324,324.5
1685323984708752951,322,321.5,321,320.5,320,323,323.5,324,324.5,325
1685323985493130910,322,321.5,321,320.5,320,323,323.5,324,324.5,325
1685323985526039366,322,321.5,321,320.5,320,323,323.5,324,324.5,325
1685323985526039366,322,321.5,321,320.5,320,323,323.5,324,324.5,325
1685323985548416459,321.5,321,320.5,320,319.5,323,323.5,324,324.5,325
1685323985583338686,321.5,321,320.5,320,319.5,323,323.5,324,324.5,325
1685323985583338686,321.5,321,320.5,320,319.5,322.5,323,323.5,324,324.5
1685323985583338686,321.5,321,320.5,320,319.5,322.5,323,323.5,324,324.5
1685323985583474591,321.5,321,320.5,320,319.5,322.5,323,323.5,324,324.5
1685323985595771138,321.5,321,320.5,320,319.5,322.5,323,323.5,324,324.5
1685323985605959878,321.5,321,320.5,320,319.5,322.5,323,323.5,324,324.5
1685323985618212062,321.5,321,320.5,320,319.5,322.5,323,323.5,324,324.5
1685323985628703660,321.5,321,320.5,320,319.5,322.5,323,323.5,324,324.5
1685323985661184162,321.5,321,320.5,320,319.5,322.5,323,323.5,324,324.5
1685323988131084791,321.5,321,320.5,320,319.5,322.5,323,323.5,324,324.5
1685323995075950010,321.5,321,320.5,320,319.5,322.5,323,323.5,324,324.5
1685323995106708249,321.5,321,320.5,320,319.5,322.5,323,323.5,324,324.5
1685323995987227354,321.5,321,320.5,320,319.5,322.5,323,323.5,324,324.5
1685323996022262373,321.5,321,320.5,320,319.5,322.5,323,323.5,324,324.5
1685323996034341512,321.5,321,320.5,320,319.5,322.5,323,323.5,324,324.5
1685323996055000199,321.5,321,320.5,320,319.5,322,322.5,323,323.5,324
1685323996067127187,321.5,321,320.5,320,319.5,322,322.5,323,323.5,324
1685323996077331927,321.5,321,320.5,320,319.5,322,322.5,323,323.5,324
1685323996077331927,321.5,321,320.5,320,319.5,322,322.5,323,323.5,324
1685323996077331927,321.5,321,320.5,320,319.5,322,322.5,323,323.5,324
1685323996089578660,321.5,321,320.5,320,319.5,322,322.5,323,323.5,324
1685323996099831190,321.5,321,320.5,320,319.5,322,322.5,323,323.5,324
1685323996110272143,321.5,321,320.5,320,319.5,322,322.5,323,323.5,324
1685323996142993968,321.5,321,320.5,320,319.5,322,322.5,323,323.5,324
1685323996142993968,321.5,321,320.5,320,319.5,322,322.5,323,323.5,324
1685323996175641264,321,320.5,320,319.5,319,322,322.5,323,323.5,324
1685323996208567113,321,320.5,320,319.5,319,322,322.5,323,323.5,324
1685323996208567113,321,320.5,320,319.5,319,322,322.5,323,323.5,324
1685323996220757330,321,320.5,320,319.5,319,322,322.5,323,323.5,324
1685324001355783625,321.5,321,320.5,320,319.5,322,322.5,323,323.5,324
1685324001388450638,321.5,321,320.5,320,319.5,322,322.5,323,323.5,324
1685324001421752242,321,320.5,320,319.5,319,322,322.5,323,323.5,324
1685324001433939183,321,320.5,320,319.5,319,322,322.5,323,323.5,324
1685324006676792024,321,320.5,320,319.5,319,322,322.5,323,323.5,324
1685324010923760300,321,320.5,320,319.5,319,322,322.5,323,323.5,324
1685324010954325627,321,320.5,320,319.5,319,322,322.5,323,323.5,324
1685324014010860018,321,320.5,320,319.5,319,322,322.5,323,323.5,324
1685324014053924192,321,320.5,320,319.5,319,322,322.5,323,323.5,324
1685324017623589343,321,320.5,320,319.5,319,322,322.5,323,323.5,324
1685324018042316358,321,320.5,320,319.5,319,322,322.5,323,323.5,324
1685324020045352925,321,320.5,320,319.5,319,322,322.5,323,323.5,324
1685324020798092372,321,320.5,320,319.5,319,322,322.5,323,323.5,324
1685324020839824044,321,320.5,320,319.5,319,322,322.5,323,323.5,324
1685324022057445925,321,320.5,320,319.5,319,322,322.5,323,323.5,324
1685324023126674364,321,320.5,320,319.5,319,322,322.5,323,323.5,324
1685324024621540204,321.5,321,320.5,320,319.5,322,322.5,323,323.5,324
1685324024656573700,321.5,321,320.5,320,319.5,322,322.5,323,323.5,324
1685324024689296036,321.5,321,320.5,320,319.5,322,322.5,323,323.5,324
1685324024766075000,321.5,321,320.5,320,319.5,322,322.5,323,323.5,324
1685324032035687179,321.5,321,320.5,320,319.5,322,322.5,323,323.5,324
1685324035496278403,321.5,321,320.5,320,319.5,322,322.5,323,323.5,324
1685324035557228257,321.5,321,320.5,320,319.5,322,322.5,323,323.5,324
1685324037178431167,321.5,321,320.5,320,319.5,322,322.5,323,323.5,324
1685324037211019592,321.5,321,320.5,320,319.5,322,322.5,323,323.5,324
1685324037211132083,321.5,321,320.5,320,319.5,322,322.5,323,323.5,324
1685324037243571829,321.5,321,320.5,320,319.5,322,322.5,323,323.5,324
1685324037353087326,321.5,321,320.5,320,319.5,322,322.5,323,323.5,324
1685324038558797993,321.5,321,320.5,320,319.5,322,322.5,323,323.5,324
1685324038635418529,321.5,321,320.5,320,319.5,322,322.5,323,323.5,324
1685324040056619212,321.5,321,320.5,320,319.5,322,322.5,323,323.5,324
1685324042820421346,321.5,321,320.5,320,319.5,322,322.5,323,323.5,324
1685324042820421346,321.5,321,320.5,320,319.5,322,322.5,323,323.5,324
1685324042910376317,321.5,321,320.5,320,319.5,322,322.5,323,323.5,324
1685324046596903169,321.5,321,320.5,320,319.5,322,322.5,323,323.5,324
1685324047021877313,321.5,321,320.5,320,319.5,322,322.5,323,323.5,324
1685324051375250999,321.5,321,320.5,320,319.5,322,322.5,323,323.5,324
1685324055464900780,321.5,321,320.5,320,319.5,322,322.5,323,323.5,324
1685324077757690236,321.5,321,320.5,320,319.5,322,322.5,323,323.5,324
1685324084803409638,321.5,321,320.5,320,319.5,322,322.5,323,323.5,324
1685324113270277439,321.5,321,320.5,320,319.5,322,322.5,323,323.5,324
1685324113335871132,321.5,321,320.5,320,319.5,322,322.5,323,323.5,324
1685324122688154002,321.5,321,320.5,320,319.5,322,322.5,323,323.5,324
1685324122708586134,321.5,321,320.5,320,319.5,322.5,323,323.5,324,324.5
1685324122741388451,321.5,321,320.5,320,319.5,322.5,323,323.5,324,324.5
1685324122741388451,322,321.5,321,320.5,320,322.5,323,323.5,324,324.5
1685324122741388451,322,321.5,321,320.5,320,323,323.5,324,324.5,325
1685324122741388451,322,321.5,321,320.5,320,323,323.5,324,324.5,325
1685324122753565834,322,321.5,321,320.5,320,323,323.5,324,324.5,325
1685324122774072155,322,321.5,321,320.5,320,323,323.5,324,324.5,325
1685324122786390503,321.5,321,320.5,320,319.5,323,323.5,324,324.5,325
1685324122786411452,321.5,321,320.5,320,319.5,323,323.5,324,324.5,325
1685324122829382731,321.5,321,320.5,320,319.5,323,323.5,324,324.5,325
1685324122829382731,321.5,321,320.5,320,319.5,323,323.5,324,324.5,325
1685324122829439057,321.5,321,320.5,320,319.5,323,323.5,324,324.5,325
1685324122829439057,321.5,321,320.5,320,319.5,323,323.5,324,324.5,325
1685324122829496966,321.5,321,320.5,320,319.5,323,323.5,324,324.5,325
1685324122862176452,321.5,321,320.5,320,319.5,323,323.5,324,324.5,325
1685324122862176452,321.5,321,320.5,320,319.5,323,323.5,324,324.5,325
1685324133075711376,321.5,321,320.5,320,319.5,323,323.5,324,324.5,325
1685324134402802719,322,321.5,321,320.5,320,323,323.5,324,324.5,325
1685324134423278883,322,321.5,321,320.5,320,323,323.5,324,324.5,325
1685324134689467105,322,321.5,321,320.5,320,323,323.5,324,324.5,325
1685324145994824864,322,321.5,321,320.5,320,323,323.5,324,324.5,325
1685324149069824910,321.5,321,320.5,320,319.5,323,323.5,324,324.5,325
1685324150999964625,321.5,321,320.5,320,319.5,323,323.5,324,324.5,325
1685324151034809567,321.5,321,320.5,320,319.5,323,323.5,324,324.5,325
1685324151060207582,321.5,321,320.5,320,319.5,323,323.5,324,324.5,325
1685324163465165968,321.5,321,320.5,320,319.5,323,323.5,324,324.5,325
1685324164279342386,321.5,321,320.5,320,319.5,322,323,323.5,324,324.5
1685324164312219965,321.5,321,320.5,320,319.5,322,323,323.5,324,324.5
1685324164312219965,321.5,321,320.5,320,319.5,323,323.5,324,324.5,325
1685324164312289014,321.5,321,320.5,320,319.5,323,323.5,324,324.5,325
1685324164312289014,322,321.5,321,320.5,320,323,323.5,324,324.5,325
1685324164342964939,322,321.5,321,320.5,320,323,323.5,324,324.5,325
1685324164342964939,322,321.5,321,320.5,320,323,323.5,324,324.5,325
1685324164342964939,322,321.5,321,320.5,320,323,323.5,324,324.5,325
1685324164373623461,322,321.5,321,320.5,320,323,323.5,324,324.5,325
1685324169807992948,322,321.5,321,320.5,320,323,323.5,324,324.5,325
1685324169830532556,321.5,321,320.5,320,319.5,323,323.5,324,324.5,325
1685324169874701324,321.5,321,320.5,320,319.5,323,323.5,324,324.5,325
1685324169905893217,321.5,321,320.5,320,319.5,323,323.5,324,324.5,325
1685324173355195432,321.5,321,320.5,320,319.5,323,323.5,324,324.5,325
1685324176916584902,321.5,321,320.5,320,319.5,323,323.5,324,324.5,325
1685324177104223316,321.5,321,320.5,320,319.5,323,323.5,324,324.5,325
1685324177104223316,321.5,321,320.5,320,319.5,323,323.5,324,324.5,325
1685324177127575660,321.5,321,320.5,320,319.5,323,323.5,324,324.5,325
1685324177138049265,321.5,321,320.5,320,319.5,323,323.5,324,324.5,325
1685324180613438338,321.5,321,320.5,320,319.5,322.5,323,323.5,324,324.5
1685324180654817739,321.5,321,320.5,320,319.5,322.5,323,323.5,324,324.5
1685324180654817739,321.5,321,320.5,320,319.5,323,323.5,324,324.5,325
1685324180654817739,321.5,321,320.5,320,319.5,323,323.5,324,324.5,325
1685324180654817739,322.5,321.5,321,320.5,320,323,323.5,324,324.5,325
1685324180689290061,322.5,321.5,321,320.5,320,323,323.5,324,324.5,325
1685324180723105560,322.5,321.5,321,320.5,320,323,323.5,324,324.5,325
1685324186143975062,321.5,321,320.5,320,319.5,323,323.5,324,324.5,325
1685324186174631861,321.5,321,320.5,320,319.5,323,323.5,324,324.5,325
1685324186184903095,321.5,321,320.5,320,319.5,323,323.5,324,324.5,325
1685324186195276732,321.5,321,320.5,320,319.5,323,323.5,324,324.5,325
1685324186298586377,321.5,321,320.5,320,319.5,323,323.5,324,324.5,325
1685324187992446424,322,321.5,321,320.5,320,323,323.5,324,324.5,325
1685324188013121582,322,321.5,321,320.5,320,323,323.5,324,324.5,325
1685324188013121582,322,321.5,321,320.5,320,323,323.5,324,324.5,325
1685324188034849256,322,321.5,321,320.5,320,323,323.5,324,324.5,325
1685324188034946168,322,321.5,321,320.5,320,323.5,324,324.5,325,325.5
1685324188067094276,322,321.5,321,320.5,320,323.5,324,324.5,325,325.5
1685324188067094276,322,321.5,321,320.5,320,323.5,324,324.5,325,325.5
1685324188067094276,322,321.5,321,320.5,320,323.5,324,324.5,325,325.5
1685324188097759541,322,321.5,321,320.5,320,323.5,324,324.5,325,325.5
1685324188097759541,322,321.5,321,320.5,320,323.5,324,324.5,325,325.5
1685324189162746560,322,321.5,321,320.5,320,323.5,324,324.5,325,325.5
1685324195466504158,322,321.5,321,320.5,320,323.5,324,324.5,325,325.5
1685324195479080239,322,321.5,321,320.5,320,323.5,324,324.5,325,325.5
1685324196382096856,322,321.5,321,320.5,320,323.5,324,324.5,325,325.5
1685324197094036894,322,321.5,321,320.5,320,323.5,324,324.5,325,325.5
1685324197242102870,322,321.5,321,320.5,320,323.5,324,324.5,325,325.5
1685324198785405173,322,321.5,321,320.5,320,323.5,324,324.5,325,325.5
1685324203562461878,322,321.5,321,320.5,320,323.5,324,324.5,325,325.5
1685324203583810020,322,321.5,321,320.5,320,323.5,324,324.5,325,325.5
1685324203602571555,322,321.5,321,320.5,320,323.5,324,324.5,325,325.5
1685324210264638615,322,321.5,321,320.5,320,323.5,324,324.5,325,325.5
1685324216130846578,322,321.5,321,320.5,320,323.5,324,324.5,325,325.5
1685324216419860366,322,321.5,321,320.5,320,323.5,324,324.5,325,325.5
1685324221535904165,322,321.5,321,320.5,320,323.5,324,324.5,325,325.5
1685324221698771261,322,321.5,321,320.5,320,323.5,324,324.5,325,325.5
1685324221921936016,322,321.5,321,320.5,320,323.5,324,324.5,325,325.5
1685324226056891437,322,321.5,321,320.5,320,323.5,324,324.5,325,325.5
1685324228680440220,322,321.5,321,320.5,320,323.5,324,324.5,325,325.5
1685324233692254547,322,321.5,321,320.5,320,323.5,324,324.5,325,325.5
1685324237071331386,322,321.5,321,320.5,320,323.5,324,324.5,325,325.5
1685324244272026000,322,321.5,321,320.5,320,323.5,324,324.5,325,325.5
1685324244630492396,322,321.5,321,320.5,320,323.5,324,324.5,325,325.5
1685324244907883172,322,321.5,321,320.5,320,323.5,324,324.5,325,325.5
1685324256524241193,322,321.5,321,320.5,320,323.5,324,324.5,325,325.5
1685324258840775312,322,321.5,321,320.5,320,323.5,324,324.5,325,325.5
1685324259174411850,322,321.5,321,320.5,320,323.5,324,324.5,325,325.5
1685324268138631001,322,321.5,321,320.5,320,323.5,324,324.5,325,325.5
1685324268762363949,322,321.5,321,320.5,320,323.5,324,324.5,325,325.5
1685324271560852355,322,321.5,321,320.5,320,323.5,324,324.5,325,325.5
1685324271591956734,322,321.5,321,320.5,320,323.5,324,324.5,325,325.5
1685324272100693976,322,321.5,321,320.5,320,323.5,324,324.5,325,325.5
1685324274549939283,322.5,322,321.5,321,320.5,323.5,324,324.5,325,325.5
1685324274570474428,322.5,322,321.5,321,320.5,323.5,324,324.5,325,325.5
1685324279782740149,322.5,322,321.5,321,320.5,323.5,324,324.5,325,325.5
1685324281249040381,322.5,322,321.5,321,320.5,323.5,324,324.5,325,325.5
1685324283648285682,322.5,322,321.5,321,320.5,323.5,324,324.5,325,325.5
1685324283660469647,322.5,322,321.5,321,320.5,323.5,324,324.5,325,325.5
1685324283679142376,322.5,322,321.5,321,320.5,323.5,324,324.5,325,325.5
1685324284041561093,322.5,322,321.5,321,320.5,323.5,324,324.5,325,325.5
1685324284041561093,322.5,322,321.5,321,320.5,323.5,324,324.5,325,325.5
1685324287272547571,322.5,322,321.5,321,320.5,323.5,324,324.5,325,325.5
1685324293218715215,322.5,322,321.5,321,320.5,323.5,324,324.5,325,325.5
1685324301692397750,322.5,322,321.5,321,320.5,323.5,324,324.5,325,325.5
1685324314938014419,322.5,322,321.5,321,320.5,323.5,324,324.5,325,325.5
1685324318407441561,322.5,322,321.5,321,320.5,323.5,324,324.5,325,325.5
1685324326513519316,322.5,322,321.5,321,320.5,323.5,324,324.5,325,325.5
1685324327925611826,322.5,322,321.5,321,320.5,323.5,324,324.5,325,325.5
1685324327948009798,322.5,322,321.5,321,320.5,323.5,324,324.5,325,325.5
1685324327970464106,322.5,322,321.5,321,320.5,323.5,324,324.5,325,325.5
1685324327980754797,322.5,322,321.5,321,320.5,323.5,324,324.5,325,325.5
1685324328003306898,322.5,322,321.5,321,320.5,323.5,324,324.5,325,325.5
