Timestamp,BidPrice0,BidPrice1,BidPrice2,BidPrice3,BidPrice4,AskPrice0,AskPrice1,AskPrice2,AskPrice3,AskPrice4
1683239419051505854,0,0,0,0,0,0,0,0,0,0
1683246619226051223,322,319.5,319,316,293.5,326,330,332.5,333,334.5
1683246624235718001,322,321,319.5,319,317,326,330,332,332.5,333
1683246629251259099,322,321,319.5,319,317,326,330,332,332.5,333
1683246634262687574,322,321.5,321,319.5,319,326,330,332,332.5,333
1683246639290731077,322,321.5,321,320,319.5,326,330,332,332.5,333
1683246644314429800,322,321.5,321,320,319.5,326,330,332,332.5,333
1683246649311754190,322,321.5,321,320,319.5,326,330,332,332.5,333
1683246654327223780,322,321.5,321,320,319.5,326,330,331,332,332.5
1683246659340865397,322,321.5,321,320,319.5,326,330,331,332,332.5
1683246669382155771,322,321.5,321,320,319.5,326,330,331,332,332.5
1683246674412204103,322,321.5,321,320,319.5,326,328.5,329.5,330,331
1683246679419657027,322,321.5,321,320,319.5,326,328.5,329.5,330,331
1683246689452812971,322,321.5,321,320,319.5,326,328.5,329.5,330,331
1683246699475853118,327,326,322,321.5,321,330,331,332,332.5,333
1683246709519336139,327,326,322,321.5,321,330,331,332,332.5,333
1683246724574313052,327,326,322,321.5,321,332,332.5,333,333.5,334
1683246729575578902,327,326,324,322,321.5,332,332.5,333,333.5,334
1683246739604770919,327,326,324,322,321.5,332,332.5,333,333.5,334
1683246749638024401,327,326.5,326,324,322,332,332.5,333,333.5,334
1683246754655672759,327,326.5,326,324,322,332,332.5,333,333.5,334
1683246779723471793,327,326.5,326,324,322,332,332.5,333,333.5,334
1683246804805597734,327,326.5,326,324,322,332,332.5,333,333.5,334
1683246824867931313,327,326.5,326,324,322.5,332,332.5,333,333.5,334
1683246880050007741,327,326.5,326,324,322.5,332,333,333.5,334,334.5
1683246890085159080,327,326.5,326,324,322.5,332,333,334,334.5,335
1683246900110316621,327,326.5,326,324,322.5,332,333,334,334.5,335
1683246935240058225,327,326.5,326,324,322.5,332,333,334,334.5,335
1683246940228916029,327,326.5,326,325.5,324,332,333,334,334.5,335
1683246950274441412,327,326.5,326,325.5,324,332,333,334,334.5,335
1683246960307784677,327,326.5,326,325.5,324,332,333,334,334.5,335
1683246970328682772,327,326.5,326,325.5,324,332,333,334,334.5,335
1683246980366294919,327,326.5,326,325.5,324,332,333,334,334.5,335
1683246985385864405,327,326.5,326,325.5,324,332,333,334,334.5,335
1683246995431353689,327,326.5,326,325.5,324,332,333,334,334.5,335
1683247020495122182,327,326.5,326,325.5,324.5,332,333,334,334.5,335
1683247120819489874,327,326.5,326,325.5,324.5,332,333,334,334.5,335
1683247130854965472,327,326.5,326,325.5,324,332,333,334,334.5,335
1683247135862402118,327,326.5,326,325.5,324,332,333,334,334.5,335
1683247155918632513,327,326.5,326,325.5,324,332,333,334,334.5,335
1683247176194116350,327,326.5,326,325.5,324,332,333,334,334.5,335
1683247191844810746,327,326.5,326,325.5,324,329,329.5,330,331,331.5
1683247196868879835,327,326.5,326,325.5,324,329,329.5,330,331,331.5
1683247216927225222,327,326.5,326,325.5,324,329,329.5,330,331,331.5
1683247231976196629,327,326.5,326,325.5,324,332,333,334,334.5,335
1683247236987544476,327,326.5,326,325.5,324,332,333,334,334.5,335
1683247247020788847,327,326.5,326,325.5,324,332,333,334,334.5,335
1683247257051929195,327,326.5,326,325.5,324,333,334,334.5,335,336
1683247272102865877,327,326.5,326,325.5,324,333,334,334.5,335,336
1683247287151789896,327,326.5,326,325.5,324,332,333,334,334.5,335
1683247297185026460,327,326.5,326,325.5,324,332,333,334,334.5,335
1683247342321357398,327,326.5,326,325.5,324,332,333,334,334.5,335
1683247357362085323,327,326.5,326,325.5,324,332,333,334,334.5,335
1683247372402686416,327,326.5,326,325.5,324,332,333,334,334.5,335
1683247387470070491,327,326.5,326,325.5,324,332,333,334,334.5,335
1683247422579261718,327,326.5,326,325.5,324,332,333,334,334.5,335
1683247442639732762,327,326.5,326,325.5,324,332,333,334,334.5,335
1683247462704097132,327,326.5,326,325.5,324,331,331.5,332,333,334
1683247467713822999,327,326.5,326,325.5,325,331.5,332,333,334,334.5
1683247477763239166,327,326.5,326,325.5,325,331.5,332,333,334,334.5
1683247492793862210,327,326.5,326,325.5,325,331.5,332,333,334,334.5
1683247512870501087,327,326.5,326,325.5,325,331,331.5,332,333,334
1683247527921456963,327,326.5,326,325.5,325,331,331.5,332,333,334
1683247532926842016,327,326.5,326,325.5,325,331,331.5,332,333,334
1683247537942491022,327,326.5,326,325.5,325,331,331.5,332,333,334
1683247547987992962,327,326.5,326,325.5,325,332,333,334,334.5,335
1683247568042231427,327,326.5,326,325.5,325,332,333,334,334.5,335
1683247583088946651,327,326.5,326,325.5,325,332,333,334,334.5,335
1683247593130348759,327,326.5,326,325.5,325,332,333,334,334.5,335
1683247633251194259,327,326.5,326,325.5,325,332,333,334,334.5,335
1683247648306223945,327,326.5,326,325.5,325,332,333,334,334.5,335
1683247673382199458,327,326.5,326,325.5,325,332,333,334,334.5,335
1683247678387527267,327,326.5,326,325.5,325,332,333,334,334.5,335
1683247693434353533,327,326.5,326,325.5,325,332,333,334,334.5,335
1683247723536172562,327,326.5,326,325.5,325,332,333,334,334.5,335
1683247753642245800,327,326.5,326,325.5,325,332,333,334,334.5,335
1683247758657662959,327,326.5,326,325.5,325,332,333,334,334.5,335
1683247763675395155,327,326.5,326,325.5,325,332,333,334,334.5,335
1683247773706695175,327,326.5,326,325.5,325,332,333,334,334.5,335
1683247784143256371,327,326.5,326,325.5,325,332,333,334,334.5,335
1683247789363659539,327,326.5,326,325.5,325,332,333,334,334.5,335
1683247799589475188,327,326.5,326,325.5,325,332,333,334,334.5,335
1683247804601124290,327,326.5,326,325.5,325,332,333,334,334.5,335
1683247824675753348,327,326.5,326,325.5,325,332,333,334,334.5,335
1683247829681008934,327,326.5,326,325.5,325,332,333,334,334.5,335
1683247849745637760,327,326.5,326,325.5,325,331.5,332,333,334,334.5
1683247864802743512,327,326.5,326,325.5,325,331.5,332,333,334,334.5
1683247869818384395,327,326.5,326,325.5,325,331.5,332,333,334,334.5
1683247919980444987,327,326.5,326,325.5,325,331.5,332,333,334,334.5
1683247924990012023,330.5,327,326.5,326,325.5,331.5,332,333,334,334.5
1683247940048989869,330.5,327,326.5,326,325.5,331.5,332,333,334,334.5
1683247950076094485,330.5,327,326.5,326,325.5,331.5,332,333,334,334.5
1683247955093807976,330.5,327,326.5,326,325.5,331.5,332,333,334,334.5
1683247965122902116,330.5,327,326.5,326,325.5,331.5,332,333,334,334.5
1683247970146736158,330.5,327,326.5,326,325.5,331.5,332,333,334,334.5
1683247980175878467,330.5,327,326.5,326,325.5,331.5,332,333,334,334.5
1683247995224780086,330.5,327,326.5,326,325.5,331.5,332,333,334,334.5
1683248060424525476,330.5,327,326.5,326,325.5,331,331.5,332,333,334
1683248065438282452,330.5,327,326.5,326,325.5,331,331.5,332,333,334
1683248070468150039,330.5,327,326.5,326,325.5,331,331.5,332,333,334
1683248075483762559,330.5,327,326.5,326,325.5,331,331.5,332,333,334
1683248080489112019,330.5,327,326.5,326,325.5,331,331.5,332,333,334
1683248090530468782,330.5,327,326.5,326,325.5,331,331.5,332,333,334
1683248095544096875,327,326.5,326,325.5,325,331,331.5,332,333,334
1683248100555889862,327,326.5,326,325.5,325,331,331.5,332,333,334
1683248105577374858,327,326.5,326,325.5,325,330,331,331.5,332,333
1683248110597144973,327,326.5,326,325.5,325,330,331,331.5,332,333
1683248115600458218,327,326.5,326,325.5,325,330,331,331.5,332,332.5
1683248140684687545,327,326.5,326,325.5,325,330,331,331.5,332,332.5
1683248155741625040,327,326.5,326,325.5,325,330,331,331.5,332,332.5
1683248160761384522,327,326.5,326,325.5,325,330,331,331.5,332,332.5
1683248165766744979,327,326.5,326,325.5,325,329.5,330,331,331.5,332
1683248170784282720,327,326.5,326,325.5,325,329,329.5,330,331,331.5
1683248180817647328,327,326.5,326,325.5,325,329,329.5,330,331,331.5
1683248185831300304,327,326.5,326,325.5,325,329,329.5,330,331,331.5
1683248190849124191,327,326.5,326,325.5,325,329,329.5,330,331,331.5
1683248195868504711,327,326.5,326,325.5,325,329,329.5,330,331,331.5
1683248210903025557,327,326.5,326,325.5,325,329,329.5,330,331,331.5
1683248220932316994,327,326.5,326,325.5,325,329,329.5,330,331,331.5
1683248225943724492,327,326.5,326,325.5,325,329,329.5,330,331,331.5
1683248235993320001,327,326.5,326,325.5,325,329,329.5,330,331,331.5
1683248241004856320,326.5,326,325.5,325,324,329,329.5,330,331,331.5
1683248246016420011,326.5,326,325.5,325,324,329,329.5,330,331,331.5
1683248251040217832,326,325.5,325,324,323,329,329.5,330,331,331.5
1683248261069379362,326,325.5,325,324,323,329,329.5,330,331,331.5
1683248271106873616,326,325.5,325,324,323,329,329.5,330,331,331.5
1683248276122463705,326,325.5,325,324,323,329,329.5,330,331,331.5
1683248286149694437,326,325.5,325,324,323,329,329.5,330,331,331.5
1683248301202598338,326,325.5,325,324,323,329,329.5,330,331,331.5
1683248306222314904,326,325.5,325,324,323,329,329.5,330,331,331.5
1683248311233632058,326.5,326,325.5,325,324,327.5,329,329.5,330,331
1683248316249186018,326,325.5,325,324,323,327.5,329,329.5,330,331
1683248321264810108,326,325.5,325,324,323,327.5,329,329.5,330,331
1683248326280394775,326,325.5,325,324,323,329,329.5,330,331,331.5
1683248331300142248,326,325.5,325,324,323,329,329.5,330,331,331.5
1683248336322005964,326,325.5,325,324,323,329,329.5,330,331,331.5
1683248341343703397,326,325.5,325,324,323,329,329.5,330,331,331.5
1683248351370721404,326,325.5,325,324,323,329,329.5,330,331,331.5
1683248356384428915,326,325.5,325,324,323,329,329.5,330,331,331.5
1683248361398000310,326,325.5,325,324,323,329,329.5,330,331,331.5
1683248366416728257,326,325.5,325,324,323,329,329.5,330,331,331.5
1683248371430310542,326,325.5,325,324,323,327,329,329.5,330,331
1683248376650699665,326,325.5,325,324,323,327,328,329,329.5,330
1683248381860892062,326.5,326,325.5,325,324,327,328,328.5,329,329.5
1683248387071182042,326.5,326,325.5,325,324,327,328,328.5,329,329.5
1683248392295634354,326.5,326,325.5,325,324,327,328,328.5,329,329.5
1683248397309118043,326.5,326,325.5,325,324,327,328,328.5,329,329.5
1683248419188312051,326,325.5,325,324,323,327,328,328.5,329,329.5
1683248419242877987,326,325.5,325,324,323,327,328,328.5,329,329.5
1683248419836351034,326,325.5,325,324,323,327,328,328.5,329,329.5
1683248421991685432,326.5,326,325.5,325,324,327,328,328.5,329,329.5
1683248422043157698,326.5,326,325.5,325,324,327,328,328.5,329,329.5
1683248422094419018,326.5,326,325.5,325,324,327,328,328.5,329,329.5
1683248424319365152,326.5,326,325.5,325,324,327,328,328.5,329,329.5
1683248426233295320,326.5,326,325.5,325,324,327,328,328.5,329,329.5
1683248427301589780,326.5,326,325.5,325,324,327,328,328.5,329,329.5
1683248427325346527,326.5,326,325.5,325,324,327,328,328.5,329,329.5
1683248427358554479,326.5,326,325.5,325,324,328,328.5,329,329.5,330
1683248427405237824,326.5,326,325.5,325,324,328,328.5,329,329.5,330
1683248427672954278,326.5,326,325.5,325,324,327,328,328.5,329,329.5
1683248427716208734,326.5,326,325.5,325,324,328,328.5,329,329.5,330
1683248429517555111,326.5,326,325.5,325,324,328.5,329,329.5,330,331
1683248429550578497,327,326.5,326,325.5,325,328.5,329,329.5,330,331
1683248429591964815,327,326.5,326,325.5,325,328.5,329,329.5,330,331
1683248429591964815,327,326.5,326,325.5,325,328.5,329,329.5,330,331
1683248429602474979,327,326.5,326,325.5,325,328.5,329,329.5,330,331
1683248429632921607,327,326.5,326,325.5,325,328.5,329,329.5,330,331
1683248429632921607,327.5,327,326.5,326,325.5,328.5,329,329.5,330,331
1683248429653811501,327.5,327,326.5,326,325.5,328.5,329,329.5,330,331
1683248429676544215,327.5,327,326.5,326,325.5,328.5,329,329.5,330,331
1683248429676544215,327.5,327,326.5,326,325.5,328.5,329,329.5,330,331
1683248429676652548,327.5,327,326.5,326,325.5,328.5,329,329.5,330,331
1683248431244735260,327.5,327,326.5,326,325.5,328.5,329,329.5,330,331
1683248431618628145,327.5,327,326.5,326,325.5,328.5,329,329.5,330,331
1683248431678860460,327.5,327,326.5,326,325.5,328.5,329,329.5,330,331
1683248431861268466,327.5,327,326.5,326,325.5,328.5,329,329.5,330,331
1683248432489091731,327.5,327,326.5,326,325.5,328.5,329,329.5,330,331
1683248432712364887,327.5,327,326.5,326,325.5,328.5,329,329.5,330,331
1683248433255250008,327.5,327,326.5,326,325.5,328.5,329,329.5,330,331
1683248433386275637,327.5,327,326.5,326,325.5,329,329.5,330,331,331.5
1683248433818288240,327.5,327,326.5,326,325.5,329,329.5,330,331,331.5
1683248434166197538,327.5,327,326.5,326,325.5,329,329.5,330,331,331.5
1683248434219373062,327.5,327,326.5,326,325.5,329,329.5,330,331,331.5
1683248434994467980,328,327.5,327,326.5,326,329,329.5,330,331,331.5
1683248435036579871,328,327,326.5,326,325.5,329,329.5,330,331,331.5
1683248435080842761,328,327,326.5,326,325.5,329,329.5,330,331,331.5
1683248435786351681,328,327,326.5,326,325.5,329,329.5,330,331,331.5
1683248436278874500,328,327,326.5,326,325.5,329,329.5,330,331,331.5
1683248437238153369,328.5,328,327,326.5,326,329,329.5,330,331,331.5
1683248437279124377,328.5,328,327,326.5,326,329,329.5,330,331,331.5
1683248437320135511,328.5,328,327,326.5,326,329,329.5,330,331,331.5
1683248439570375628,328.5,328,327,326.5,326,329,329.5,330,331,331.5
1683248439928460842,328.5,328,327,326.5,326,329,329.5,330,331,331.5
1683248440053605829,328.5,328,327,326.5,326,329,329.5,330,331,331.5
1683248440678898913,328.5,328,327,326.5,326,329,329.5,330,331,331.5
1683248440713037082,328.5,328,327,326.5,326,329,329.5,330,331,331.5
1683248440713037082,328.5,328,327,326.5,326,329,329.5,330,331,331.5
1683248440713222791,328.5,328,327,326.5,326,329,329.5,330,331,331.5
1683248440770452307,328.5,328,327,326.5,326,329,329.5,330,331,331.5
1683248440816813406,328.5,328,327,326.5,326,329,329.5,330,331,331.5
1683248440859110876,328.5,328,327,326.5,326,329,329.5,330,331,331.5
1683248440871482245,328.5,328,327,326.5,326,329,329.5,330,331,331.5
1683248440916478491,328.5,328,327,326.5,326,329,329.5,330,331,331.5
1683248440971821986,328.5,328,327,326.5,326,329,329.5,330,331,331.5
1683248441050526455,328.5,328,327,326.5,326,329,329.5,330,331,331.5
1683248441118569024,328.5,328,327,326.5,326,329,329.5,330,331,331.5
1683248441154076003,328.5,328,327,326.5,326,329,329.5,330,331,331.5
1683248441187097496,328,327,326.5,326,325.5,329,329.5,330,331,331.5
1683248441221453394,328,327,326.5,326,325.5,329,329.5,330,331,331.5
1683248441253711803,328,327,326.5,326,325.5,329,329.5,330,330.5,331
1683248442163085037,328,327,326.5,326,325.5,329,329.5,330,330.5,331
1683248442231714288,328,327,326.5,326,325.5,329,329.5,330,330.5,331
1683248442762159902,328,327,326.5,326,325.5,329,329.5,330,330.5,331
1683248443217399117,328,327,326.5,326,325.5,329,329.5,330,330.5,331
1683248443241427834,328,327,326.5,326,325.5,329,329.5,330,330.5,331
1683248443251725479,328,327,326.5,326,325.5,329,329.5,330,330.5,331
1683248443405744621,328,327,326.5,326,325.5,329.5,330,330.5,331,331.5
1683248443436760578,328,327,326.5,326,325.5,329.5,330,330.5,331,331.5
1683248443436760578,328,327,326.5,326,325.5,329.5,330,330.5,331,331.5
1683248443469551688,328,327,326.5,326,325.5,329.5,330,330.5,331,331.5
1683248443881382798,328,327,326.5,326,325.5,329.5,330,330.5,331,331.5
1683248444124791261,328,327,326.5,326,325.5,328.5,329.5,330,330.5,331
1683248444146293003,328,327,326.5,326,325.5,328.5,329.5,330,330.5,331
1683248444146318030,328,327,326.5,326,325.5,329.5,330,330.5,331,331.5
1683248444168877138,328,327,326.5,326,325.5,329.5,330,330.5,331,331.5
1683248444168877138,328,327,326.5,326,325.5,329.5,330,330.5,331,331.5
1683248444201610840,328,327,326.5,326,325.5,329.5,330,330.5,331,331.5
1683248445856505363,328.5,328,327,326.5,326,329.5,330,330.5,331,331.5
1683248445885916316,328.5,328,327,326.5,326,329.5,330,331,331.5,332
1683248445885916316,328,327,326.5,326,325.5,329.5,330,331,331.5,332
1683248445918742271,328,327,326.5,326,325.5,329.5,330,331,331.5,332
1683248445918742271,328,327,326.5,326,325.5,329.5,330,331,331.5,332
1683248445951644630,328,327,326.5,326,325.5,329.5,330,330.5,331,331.5
1683248446315305854,328,327,326.5,326,325.5,329.5,330,330.5,331,331.5
1683248446397981649,328,327,326.5,326,325.5,329.5,330,330.5,331,331.5
1683248446506654758,329,328,327,326.5,326,329.5,330,330.5,331,331.5
1683248446538387721,329,328,327,326.5,326,329.5,330,330.5,331,331.5
1683248446538469885,329,328,327,326.5,326,329.5,330,331,331.5,332
1683248446538469885,328,327,326.5,326,325.5,329.5,330,331,331.5,332
1683248446571011266,328,327,326.5,326,325.5,329.5,330,331,331.5,332
1683248446571068914,328,327,326.5,326,325.5,329.5,330,331,331.5,332
1683248446603822513,328,327,326.5,326,325.5,329.5,330,330.5,331,331.5
1683248446763523123,329,328,327,326.5,326,329.5,330,330.5,331,331.5
1683248446794724528,329,328,327,326.5,326,329.5,330,331,331.5,332
1683248446794724528,328,327,326.5,326,325.5,329.5,330,331,331.5,332
1683248446823943992,328,327,326.5,326,325.5,329,329.5,330,331,331.5
1683248446834435752,328,327,326.5,326,325.5,329,329.5,330,331,331.5
1683248446834435752,328,327,326.5,326,325.5,329,329.5,330,331,331.5
1683248446856806265,328,327,326.5,326,325.5,329,329.5,330,331,331.5
1683248446856806265,328,327,326.5,326,325.5,329,329.5,330,330.5,331
1683248446867071159,328,327,326.5,326,325.5,329,329.5,330,330.5,331
1683248446867071159,328,327,326.5,326,325.5,329,329.5,330,330.5,331
1683248446867178972,328,327,326.5,326,325.5,329,329.5,330,330.5,331
1683248447028757207,328,327,326.5,326,325.5,329,329.5,330,330.5,331
1683248447522369201,328,327,326.5,326,325.5,329,329.5,330,330.5,331
1683248448023640327,328,327,326.5,326,325.5,329,329.5,330,330.5,331
1683248448035500466,328,327,326.5,326,325.5,328.5,329,329.5,330,330.5
1683248448055826271,328,327,326.5,326,325.5,328.5,329.5,330,330.5,331
1683248448068359263,328,327,326.5,326,325.5,328.5,329.5,330,330.5,331
1683248448068359263,328,327,326.5,326,325.5,328.5,329.5,330,330.5,331
1683248448068359263,328,327,326.5,326,325.5,328.5,329,329.5,330,330.5
1683248448091998940,328,327,326.5,326,325.5,328.5,329,329.5,330,330.5
1683248448143563069,328,327,326.5,326,325.5,328.5,329,329.5,330,330.5
1683248448300101541,328,327,326.5,326,325.5,328.5,329,329.5,330,330.5
1683248449037016651,328,327,326.5,326,325.5,329,329.5,330,330.5,331
1683248449070835671,328,327,326.5,326,325.5,329,329.5,330,330.5,331
1683248449071059220,328,327,326.5,326,325.5,329,329.5,330,330.5,331
1683248449102101737,328,327,326.5,326,325.5,329,329.5,330,330.5,331
1683248449133347125,328,327,326.5,326,325.5,329,329.5,330,330.5,331
1683248449145569063,328.5,328,327,326.5,326,329,329.5,330,330.5,331
1683248449177304471,328.5,328,327,326.5,326,329,329.5,330,331,331.5
1683248449201030119,328.5,328,327,326.5,326,329,329.5,330,331,331.5
1683248449746446824,328.5,328,327,326.5,326,329,329.5,330,331,331.5
1683248450983934066,329,328.5,328,327,326.5,329.5,330,331,331.5,332
1683248451016776092,329,328.5,328,327,326.5,329.5,330,331,331.5,332
1683248451016886149,329,328.5,328,327,326.5,329.5,330,331,331.5,332
1683248451016886149,328.5,328,327,326.5,326,329.5,330,331,331.5,332
1683248451051473401,328.5,328,327,326.5,326,329.5,330,331,331.5,332
1683248451051473401,328.5,328,327,326.5,326,329.5,330,331,331.5,332
1683248451051473401,328.5,328,327,326.5,326,329.5,330,331,331.5,332
1683248451087508191,328.5,328,327,326.5,326,329.5,330,331,331.5,332
1683248451377529987,0,0,0,0,0,0,0,0,0,0
1683248451377529987,328.5,328,327,326.5,326,330,331,331.5,332,333
1683248451410901166,328.5,328,327,326.5,326,330,331,331.5,332,333
1683248451423252357,328.5,328,327,326.5,326,330,331,331.5,332,333
1683248451445435569,328.5,328,327.5,327,326.5,330,331,331.5,332,333
1683248451468143887,328.5,328,327.5,327,326.5,329,330,331,331.5,332
1683248451500980783,328.5,328,327,326.5,326,329,330,331,331.5,332
1683248451500980783,328,327,326.5,326,325.5,329,330,331,331.5,332
1683248451523515896,328,327,326.5,326,325.5,329,330,331,331.5,332
1683248451523622856,328,327,326.5,326,325.5,329,330,331,331.5,332
1683248451557907711,328,327,326.5,326,325.5,329,330,330.5,331,331.5
1683248452431585842,328,327,326.5,326,325.5,329,330,330.5,331,331.5
1683248452496650300,329,328,327,326.5,326,330,330.5,331,331.5,332
1683248452528943565,329,328,327,326.5,326,330,331,331.5,332,332.5
1683248452528943565,329,328,327,326.5,326,330,331,331.5,332,332.5
1683248452528943565,328,327,326.5,326,325.5,330,331,331.5,332,332.5
1683248452561822640,328,327.5,327,326.5,326,330,331,331.5,332,332.5
1683248452561822640,328,327.5,327,326.5,326,330,331,331.5,332,332.5
1683248452561822640,328,327.5,327,326.5,326,330,331,331.5,332,332.5
1683248452595072260,328,327.5,327,326.5,326,330,331,331.5,332,332.5
1683248452595072260,328,327.5,327,326.5,326,329.5,330,331,331.5,332
1683248452595126993,328,327.5,327,326.5,326,330,331,331.5,332,332.5
1683248452628897883,328,327,326.5,326,325.5,330,331,331.5,332,332.5
1683248452629007488,328,327,326.5,326,325.5,329.5,330,331,331.5,332
1683248452659413400,328,327,326.5,326,325.5,329.5,330,331,331.5,332
1683248452659413400,328,327,326.5,326,325.5,329.5,330,331,331.5,332
1683248452689769077,328,327,326.5,326,325.5,329.5,330,331,331.5,332
1683248452722475748,328,327,326.5,326,325.5,329.5,330,331,331.5,332
1683248452850267865,328,327,326.5,326,325.5,329,329.5,330,331,331.5
1683248452883456532,328,327,326.5,326,325.5,329,329.5,330,331,331.5
1683248452894980459,328,327,326.5,326,325.5,329,330,331,331.5,332
1683248452916722313,328,327,326.5,326,325.5,329,330,331,331.5,332
1683248452916758470,328,327,326.5,326,325.5,329,330,331,331.5,332
1683248454147713017,328,327,326.5,326,325.5,329,330,331,331.5,332
1683248454181936557,328,327,326.5,326,325.5,329,330,331,331.5,332
1683248454268870697,0,0,0,0,0,0,0,0,0,0
1683248454268870697,328,327,326.5,326,325.5,330,331,331.5,332,332.5
1683248454313661068,328,327,326.5,326,325.5,330,331,331.5,332,332.5
1683248454313661068,328.5,328,327,326.5,326,330,331,331.5,332,332.5
1683248454324538932,328.5,328,327,326.5,326,329.5,330,331,331.5,332
1683248454345428575,328.5,328,327,326.5,326,329.5,330,331,331.5,332
1683248454345428575,328.5,328,327,326.5,326,329.5,330,331,331.5,332
1683248454355997490,328.5,328,327,326.5,326,330,331,331.5,332,332.5
1683248454355997490,328.5,328,327,326.5,326,330,331,331.5,332,332.5
1683248454355997490,328.5,328,327,326.5,326,330,331,331.5,332,332.5
1683248454356176316,328,327,326.5,326,325.5,330,331,331.5,332,332.5
1683248454378145426,328,327,326.5,326,325.5,330,331,331.5,332,332.5
1683248454388740630,328,327,326.5,326,325.5,330,331,331.5,332,332.5
1683248454388740630,328,327,326.5,326,325.5,330,331,331.5,332,332.5
1683248454410876293,328,327,326.5,326,325.5,330,331,331.5,332,332.5
1683248454410982993,328,327,326.5,326,325.5,330,331,331.5,332,332.5
1683248454607949314,328,327,326.5,326,325.5,330,331,331.5,332,332.5
1683248454651926818,328,327,326.5,326,325.5,329.5,330,331,331.5,332
1683248454686444209,328,327,326.5,326,325.5,329.5,330,331,331.5,332
1683248454717023757,328,327,326.5,326,325.5,329.5,330,331,331.5,332
1683248455726260097,328,327,326.5,326,325.5,329,329.5,330,331,331.5
1683248455746202221,328,327,326.5,326,325.5,329,329.5,330,331,331.5
1683248455746224663,328,327,326.5,326,325.5,329,330,331,331.5,332
1683248455756359182,328,327,326.5,326,325.5,329,330,331,331.5,332
1683248455767353966,328,327,326.5,326,325.5,329,330,331,331.5,332
1683248455789111028,328,327,326.5,326,325.5,329,330,331,331.5,332
1683248455977297925,328,327,326.5,326,325.5,329,330,331,331.5,332
1683248456018507952,328,327,326.5,326,325.5,329,330,331,331.5,332
1683248456227438528,327,326.5,326,325.5,325,329,330,331,331.5,332
1683248456239249786,327.5,327,326.5,326,325.5,329,330,331,331.5,332
1683248456239249786,327.5,327,326.5,326,325.5,329,330,331,331.5,332
1683248456250167716,327.5,327,326.5,326,325.5,329,330,331,331.5,332
1683248456268600566,327.5,327,326.5,326,325.5,329,330,330.5,331,331.5
1683248456801957507,327.5,327,326.5,326,325.5,329,329.5,330,330.5,331
1683248456834281319,327.5,327,326.5,326,325.5,329,329.5,330,330.5,331
1683248456884917015,327.5,327,326.5,326,325.5,329,329.5,330,330.5,331
1683248457020004300,327.5,327,326.5,326,325.5,329,329.5,330,330.5,331
1683248458190412142,327.5,327,326.5,326,325.5,329,329.5,330,330.5,331
1683248458200754701,328,327.5,327,326.5,326,329,329.5,330,330.5,331
1683248458233584263,328,327.5,327,326.5,326,329,329.5,330,331,331.5
1683248458256140255,328,327.5,327,326.5,326,329,329.5,330,331,331.5
1683248458266453039,328,327.5,327,326.5,326,329,329.5,330,330.5,331
1683248458665864369,328,327.5,327,326.5,326,329,329.5,330,330.5,331
1683248459665416686,327.5,327,326.5,326,325.5,329,329.5,330,330.5,331
1683248459697985017,327.5,327,326.5,326,325.5,329,329.5,330,331,331.5
1683248459728715969,327.5,327,326.5,326,325.5,329,329.5,330,331,331.5
1683248459800647230,327.5,327,326.5,326,325.5,329,329.5,330,331,331.5
1683248459800647230,327.5,327,326.5,326,325.5,329,329.5,330,331,331.5
1683248459947420857,327.5,327,326.5,326,325.5,328.5,329,329.5,330,331
1683248459968408184,327.5,327,326.5,326,325.5,328.5,329,329.5,330,331
1683248459993026639,327.5,327,326.5,326,325.5,328.5,329,329.5,330,331
1683248460007512588,327.5,327,326.5,326,325.5,328.5,329,329.5,330,331
1683248460071847546,327.5,327,326.5,326,325.5,328.5,329,329.5,330,331
1683248460773118348,327.5,327,326.5,326,325.5,328.5,329,329.5,330,331
1683248461005425337,327,326.5,326,325.5,325,328.5,329,329.5,330,331
1683248461040363267,327,326.5,326,325.5,325,328.5,329,329.5,330,331
1683248461040476530,326.5,326,325.5,325,324,328.5,329,329.5,330,331
1683248461065460701,326.5,326,325.5,325,324,328.5,329,329.5,330,331
1683248461065752439,326.5,326,325.5,325,324,328.5,329,329.5,330,331
1683248461065752439,326.5,326,325.5,325,324,328.5,329,329.5,330,331
1683248461098497172,326.5,326,325.5,325,324,328.5,329,329.5,330,331
1683248461109923095,326.5,326,325.5,325,324,328,328.5,329,329.5,330
1683248461145500076,326.5,326,325.5,325,324,328,328.5,329,329.5,330
1683248461176837897,326.5,326,325.5,325,324,328,328.5,329,329.5,330
1683248461312059134,327,326.5,326,325.5,325,328,328.5,329,329.5,330
1683248461347786727,327,326.5,326,325.5,325,328,328.5,329,329.5,330
1683248461347897786,326.5,326,325.5,325,324,328,328.5,329,329.5,330
1683248461347897786,326.5,326,325.5,325,324,328.5,329,329.5,330,331
1683248461390840056,326.5,326,325.5,325,324,328.5,329,329.5,330,331
1683248461390840056,326.5,326,325.5,325,324,328.5,329,329.5,330,331
1683248461390981371,326.5,326,325.5,325,324,328.5,329,329.5,330,331
1683248461402818567,326.5,326,325.5,325,324,328,328.5,329,329.5,330
1683248461425488132,326.5,326,325.5,325,324,328,328.5,329,329.5,330
1683248461425488132,326.5,326,325.5,325,324,328,328.5,329,329.5,330
1683248461435743438,326.5,326,325.5,325,324,328,328.5,329,329.5,330
1683248461460720516,326.5,326,325.5,325,324,328,328.5,329,329.5,330
1683248461842519286,326.5,326,325.5,325,324,328,328.5,329,329.5,330
1683248463170969905,326.5,326,325.5,325,324,328,328.5,329,329.5,330
1683248463204193466,326,325.5,325,324,323.5,328,328.5,329,329.5,330
1683248463236973886,326,325.5,325,324,323.5,328,328.5,329,329.5,330
1683248463272196622,326,325.5,325,324,323.5,328,328.5,329,329.5,330
1683248463999075767,326,325.5,325,324,323.5,328,328.5,329,329.5,330
1683248465271481394,326,325.5,325,324,323.5,327.5,328,328.5,329,329.5
1683248465302321871,326,325.5,325,324,323.5,327.5,328,328.5,329,329.5
1683248465302321871,326,325.5,325,324,323.5,327.5,328,328.5,329,329.5
1683248465313134053,326,325.5,325,324,323.5,327.5,328.5,329,329.5,330
1683248465334994679,326,325.5,325,324,323.5,327.5,328.5,329,329.5,330
1683248465355557458,326,325.5,325,324,323.5,327.5,328.5,329,329.5,330
1683248466511780206,326,325.5,325,324,323.5,327.5,328.5,329,329.5,330
1683248467309527196,326,325.5,325,324,323.5,327.5,328.5,329,329.5,330
1683248468423537603,326.5,326,325.5,325,324,327.5,328.5,329,329.5,330
1683248468454780236,326.5,326,325.5,325,324,327.5,328.5,329,329.5,330
1683248468487018678,326.5,326,325.5,325,324,327.5,328.5,329,329.5,330
1683248468518689634,326.5,326,325.5,325,324,327.5,328.5,329,329.5,330
1683248468585205166,326.5,326,325.5,325,324,327.5,328.5,329,329.5,330
1683248468650784441,326.5,326,325.5,325,324,327.5,328.5,329,329.5,330
1683248469316594440,326.5,326,325.5,325,324,327.5,328,328.5,329,329.5
1683248469403560381,326.5,326,325.5,325,324,327.5,328,328.5,329,329.5
1683248469447618697,326.5,326,325.5,325,324,327.5,328,328.5,329,329.5
1683248469670684503,326.5,326,325.5,325,324,327.5,328,328.5,329,329.5
1683248470417376029,327,326.5,326,325.5,325,327.5,328,328.5,329,329.5
1683248470451304465,327,326.5,326,325.5,325,327.5,328,328.5,329,329.5
1683248470484249363,327,326.5,326,325.5,325,327.5,328,328.5,329,329.5
1683248471042166289,327,326.5,326,325.5,325,327.5,328,328.5,329,329.5
1683248471458728071,326.5,326,325.5,325,324,327.5,328,328.5,329,329.5
1683248471492803513,326.5,326,325.5,325,324,327.5,328,328.5,329,329.5
1683248471527216427,326.5,326,325.5,325,324,327.5,328,328.5,329,329.5
1683248471527560914,326.5,326,325.5,325,324,327.5,328,328.5,329,329.5
1683248471692417034,326.5,326,325.5,325,324,327.5,328,328.5,329,329.5
1683248471971705126,326.5,326,325.5,325,324,327.5,328,328.5,329,329.5
1683248472699946019,326.5,326,325.5,325,324,327.5,328,328.5,329,329.5
1683248473103185817,326.5,326,325.5,325,324,327.5,328,328.5,329,329.5
1683248473148389263,326.5,326,325.5,325,324,327.5,328,328.5,329,329.5
1683248473309242396,327,326.5,326,325.5,325,327.5,328,328.5,329,329.5
1683248473340292056,327,326.5,326,325.5,325,327.5,328,328.5,329,329.5
1683248473340402855,326.5,326,325.5,325,324,327.5,328,328.5,329,329.5
1683248473350403763,326.5,326,325.5,325,324,327.5,328,328.5,329,329.5
1683248473372646526,326.5,326,325.5,325,324,327.5,328,328.5,329,329.5
1683248473372754810,326.5,326,325.5,325,324,327.5,328,328.5,329,329.5
1683248473372754810,326.5,326,325.5,325,324,327.5,328,328.5,329,329.5
1683248473383343171,326.5,326,325.5,325,324,327.5,328,328.5,329,329.5
1683248473871872332,326.5,326,325.5,325,324,327.5,328,328.5,329,329.5
1683248474758590557,326.5,326,325.5,325,324,327.5,328,328.5,329,329.5
1683248475762470820,326.5,326,325.5,325,324,327.5,328,328.5,329,329.5
1683248476103883530,326.5,326,325.5,325,324,327.5,328,328.5,329,329.5
1683248476517534957,327,326.5,326,325.5,325,327.5,328,328.5,329,329.5
1683248476550135259,327,326.5,326,325.5,325,327.5,328,328.5,329,329.5
1683248476585282853,327,326.5,326,325.5,325,327.5,328,328.5,329,329.5
1683248476595032620,327,326.5,326,325.5,325,327.5,328,328.5,329,329.5
1683248476685158072,327,326.5,326,325.5,325,327.5,328,328.5,329,329.5
1683248477326885454,327,326.5,326,325.5,325,327.5,328,328.5,329,329.5
1683248477406640204,327,326.5,326,325.5,325,327.5,328,328.5,329,329.5
1683248478187559768,327,326.5,326,325.5,325,327.5,328,328.5,329,329.5
1683248478310216764,327,326.5,326,325.5,325,327.5,328,328.5,329,329.5
1683248478388003589,327,326.5,326,325.5,325,327.5,328,328.5,329,329.5
1683248479280023439,327,326.5,326,325.5,325,327.5,328,328.5,329,329.5
1683248479280023439,327,326.5,326,325.5,325,327.5,328,328.5,329,329.5
1683248479280023439,327,326.5,326,325.5,325,327.5,328,328.5,329,329.5
1683248479280160537,327,326.5,326,325.5,325,327.5,328,328.5,329,329.5
1683248479434656704,327,326.5,326,325.5,325,327.5,328,328.5,329,329.5
1683248480448923810,327,326.5,326,325.5,325,327.5,328,328.5,329,329.5
1683248481031741080,327,326.5,326,325.5,325,327.5,328,328.5,329,329.5
1683248482963364028,327,326.5,326,325.5,325,327.5,328,328.5,329,329.5
1683248483062642807,327,326.5,326,325.5,325,327.5,328,328.5,329,329.5
1683248483869589551,327,326.5,326,325.5,325,327.5,328,328.5,329,329.5
1683248483900493317,327,326.5,326,325.5,325,327.5,328,328.5,329,329.5
1683248483900493317,327,326.5,326,325.5,325,327.5,328,328.5,329,329.5
1683248486676433496,327,326.5,326,325.5,325,327.5,328,328.5,329,329.5
1683248486719372540,327,326.5,326,325.5,325,327.5,328,328.5,329,329.5
1683248486731720375,327,326.5,326,325.5,325,327.5,328,328.5,329,329.5
1683248488747999877,327,326.5,326,325.5,325,327.5,328,328.5,329,329.5
1683248488803402933,327,326.5,326,325.5,325,327.5,328,328.5,329,329.5
1683248489191380364,327,326.5,326,325.5,325,327.5,328,328.5,329,329.5
1683248489939520290,327,326.5,326,325.5,325,327.5,328,328.5,329,329.5
1683248490104849168,327,326.5,326,325.5,325,327.5,328,328.5,329,329.5
1683248490320987597,327,326.5,326,325.5,325,327.5,328,328.5,329,329.5
1683248490341650284,326.5,326,325.5,325,324,327.5,328,328.5,329,329.5
1683248490362184410,326.5,326,325.5,325,324,327.5,328,328.5,329,329.5
1683248490362184410,326.5,326,325.5,325,324,327.5,328,328.5,329,329.5
1683248490362184410,326.5,326,325.5,325,324,327.5,328,328.5,329,329.5
1683248490383608597,326.5,326,325.5,325,324,327.5,328,328.5,329,329.5
1683248490393685658,326.5,326,325.5,325,324,327.5,328,328.5,329,329.5
1683248491673700431,326.5,326,325.5,325,324,327.5,328,328.5,329,329.5
1683248492279174082,326.5,326,325.5,325,324,327.5,328,328.5,329,329.5
1683248492322579962,326.5,326,325.5,325,324,327.5,328,328.5,329,329.5
1683248492895404128,326.5,326,325.5,325,324,327.5,328,328.5,329,329.5
1683248492975548781,326.5,326,325.5,325,324,327.5,328,328.5,329,329.5
1683248493429169376,326.5,326,325.5,325,324,327.5,328,328.5,329,329.5
1683248493494461771,326.5,326,325.5,325,324,327.5,328,328.5,329,329.5
1683248493613393181,327,326.5,326,325.5,325,327.5,328,328.5,329,329.5
1683248493643904380,327,326.5,326,325.5,325,327.5,328,328.5,329,329.5
1683248493643904380,326.5,326,325.5,325,324,327.5,328,328.5,329,329.5
1683248493664403240,326.5,326,325.5,325,324,327.5,328,328.5,329,329.5
1683248493675222965,326.5,326,325.5,325,324,327.5,328,328.5,329,329.5
1683248493695107281,326.5,326,325.5,325,324,327.5,328,328.5,329,329.5
1683248493980743452,326.5,326,325.5,325,324,327.5,328,328.5,329,329.5
1683248494733561211,326.5,326,325.5,325,324,327.5,328,328.5,329,329.5
1683248498307196852,326.5,326,325.5,325,324,327.5,328,328.5,329,329.5
1683248498461837702,326.5,326,325.5,325,324,327.5,328,328.5,329,329.5
1683248498633754469,327,326.5,326,325.5,325,327.5,328,328.5,329,329.5
1683248498654798603,327,326.5,326,325.5,325,327.5,328,328.5,329,329.5
1683248498654811176,326.5,326,325.5,325,324,327.5,328,328.5,329,329.5
1683248498674900356,326.5,326,325.5,325,324,327.5,328,328.5,329,329.5
1683248498674926004,326.5,326,325.5,325,324,327.5,328,328.5,329,329.5
1683248498698352671,326.5,326,325.5,325,324,327.5,328,328.5,329,329.5
1683248498886696513,327,326.5,326,325.5,325,327.5,328,328.5,329,329.5
1683248498919453278,327,326.5,326,325.5,325,327.5,328,328.5,329,329.5
1683248498919453278,326.5,326,325.5,325,324,327.5,328,328.5,329,329.5
1683248498961618309,326.5,326,325.5,325,324,327.5,328,328.5,329,329.5
1683248498961618309,326.5,326,325.5,325,324,327.5,328,328.5,329,329.5
1683248498995076892,326.5,326,325.5,325,324,327.5,328,328.5,329,329.5
1683248499939493433,326.5,326,325.5,325,324,327,327.5,328,328.5,329
1683248499963601149,326.5,326,325.5,325,324,327,327.5,328,328.5,329
1683248499974280261,326.5,326,325.5,325,324,327,327.5,328,328.5,329
1683248499998388998,326.5,326,325.5,325,324.5,327,327.5,328,328.5,329
1683248501376464183,326.5,326,325.5,325,324.5,327,327.5,328,328.5,329
1683248501408887723,326.5,326,325.5,325,324.5,327,327.5,328,328.5,329
1683248501441853190,326.5,326,325.5,325,324.5,327,327.5,328,328.5,329
1683248501474618672,326.5,326,325.5,325,324.5,327,327.5,328,328.5,329
1683248502331639306,326.5,326,325.5,325,324.5,327,327.5,328,328.5,329
1683248502362243860,326.5,326,325.5,325,324.5,327.5,328,328.5,329,329.5
1683248502393886043,326.5,326,325.5,325,324,327.5,328,328.5,329,329.5
1683248502424704569,326.5,326,325.5,325,324,327.5,328,328.5,329,329.5
1683248503267492008,326.5,326,325.5,325,324,327,327.5,328,328.5,329
1683248503301433307,326.5,326,325.5,325,324,327,327.5,328,328.5,329
1683248503323795425,326.5,326,325.5,325,324.5,327,327.5,328,328.5,329
1683248503426123160,326.5,326,325.5,325,324.5,327,327.5,328,328.5,329
1683248503633434435,326.5,326,325.5,325,324.5,327.5,328,328.5,329,329.5
1683248503664104482,326.5,326,325.5,325,324,327.5,328,328.5,329,329.5
1683248503687178026,326.5,326,325.5,325,324,327.5,328,328.5,329,329.5
1683248503709977054,327,326.5,326,325.5,325,327.5,328,328.5,329,329.5
1683248503742652898,327,326.5,326,325.5,325,327.5,328,328.5,329,329.5
1683248503776770448,327,326.5,326,325.5,325,327.5,328,328.5,329,329.5
1683248503807513332,327,326.5,326,325.5,325,327.5,328,328.5,329,329.5
1683248506205328149,327,326.5,326,325.5,325,327.5,328,328.5,329,329.5
1683248507214005429,327,326.5,326,325.5,325,327.5,328,328.5,329,329.5
1683248507303287678,327,326.5,326,325.5,325,327.5,328,328.5,329,329.5
1683248508173535548,327,326.5,326,325.5,325,327.5,328,328.5,329,329.5
1683248508819752309,327,326.5,326,325.5,325,327.5,328,328.5,329,329.5
1683248508891607707,327,326.5,326,325.5,325,327.5,328,328.5,329,329.5
1683248509070947001,327,326.5,326,325.5,325,328,328.5,329,329.5,330
1683248509093070161,327,326.5,326,325.5,325,328,328.5,329,329.5,330
1683248509113577686,327,326.5,326,325.5,325,328,328.5,329,329.5,330
1683248509418777361,327.5,327,326.5,326,325.5,328,328.5,329,329.5,330
1683248509451557881,327.5,327,326.5,326,325.5,328,328.5,329,329.5,330
1683248509484299638,327.5,327,326.5,326,325.5,328,328.5,329,329.5,330
1683248509582776051,327.5,327,326.5,326,325.5,328,328.5,329,329.5,330
1683248510912745080,327,326.5,326,325.5,325,328,328.5,329,329.5,330
1683248510934337513,327,326.5,326,325.5,325,328,328.5,329,329.5,330
1683248510934337513,327,326.5,326,325.5,325,328,328.5,329,329.5,330
1683248510967059683,327,326.5,326,325.5,325,328,328.5,329,329.5,330
1683248510967059683,327,326.5,326,325.5,325,328,328.5,329,329.5,330
1683248510967059683,327,326.5,326,325.5,325,328,328.5,329,329.5,330
1683248511934676477,327,326.5,326,325.5,325,327.5,328,328.5,329,329.5
1683248511956419572,327,326.5,326,325.5,325,327.5,328,328.5,329,329.5
1683248511956419572,327,326.5,326,325.5,325,327.5,328,328.5,329,329.5
1683248511976631603,327,326.5,326,325.5,325,327.5,328,328.5,329,329.5
1683248512594303437,327,326.5,326,325.5,325,327.5,328,328.5,329,329.5
1683248512898276448,327,326.5,326,325.5,325,327.5,328,328.5,329,329.5
1683248514137274296,327,326.5,326,325.5,325,327.5,328,328.5,329,329.5
1683248514399497707,327,326.5,326,325.5,325,327.5,328,328.5,329,329.5
1683248514419978102,327,326.5,326,325.5,325,327.5,328,328.5,329,329.5
1683248515088688778,327,326.5,326,325.5,325,328,328.5,329,329.5,330
1683248515112354403,327,326.5,326,325.5,325,328,328.5,329,329.5,330
1683248515131025761,327,326.5,326,325.5,325,328,328.5,329,329.5,330
1683248516034846298,327,326.5,326,325.5,325,328,328.5,329,329.5,330
1683248516061524711,327,326.5,326,325.5,325,328,328.5,329,329.5,330
1683248516970773199,327,326.5,326,325.5,325,328,328.5,329,329.5,330
1683248517231962498,327.5,327,326.5,326,325.5,328,328.5,329,329.5,330
1683248517263266916,327.5,327,326.5,326,325.5,328,328.5,329,329.5,330
1683248517263266916,327,326.5,326,325.5,325,328,328.5,329,329.5,330
1683248517295430378,327,326.5,326,325.5,325,328,328.5,329,329.5,330
1683248517295430378,327,326.5,326,325.5,325,328,328.5,329,329.5,330
1683248517305722643,327,326.5,326,325.5,325,327.5,328,328.5,329,329.5
1683248517305722643,327,326.5,326,325.5,325,327.5,328,328.5,329,329.5
1683248517326216142,327,326.5,326,325.5,325,327.5,328,328.5,329,329.5
1683248517336518015,327,326.5,326,325.5,325,327.5,328,328.5,329,329.5
1683248517359021429,327,326.5,326,325.5,325,327.5,328,328.5,329,329.5
1683248517632275110,327,326.5,326,325.5,325,328,328.5,329,329.5,330
1683248517665098791,327,326.5,326,325.5,325,328,328.5,329,329.5,330
1683248517675318249,327,326.5,326,325.5,325,328,328.5,329,329.5,330
1683248517695794366,327,326.5,326,325.5,325,328,328.5,329,329.5,330
1683248517695808733,327,326.5,326,325.5,325,328,328.5,329,329.5,330
1683248518543630234,327,326.5,326,325.5,325,328,328.5,329,329.5,330
1683248518794577532,327,326.5,326,325.5,325,328,328.5,329,329.5,330
1683248518825326658,327,326.5,326,325.5,325,328,328.5,329,329.5,330
1683248519338319482,327,326.5,326,325.5,325,328,328.5,329,329.5,330
1683248520948067215,327,326.5,326,325.5,325,328,328.5,329,329.5,330
1683248521473434183,327,326.5,326,325.5,325,328,328.5,329,329.5,330
1683248521522368013,327,326.5,326,325.5,325,328,328.5,329,329.5,330
1683248521956653323,327.5,327,326.5,326,325.5,328,328.5,329,329.5,330
1683248521989664667,327.5,327,326.5,326,325.5,328,328.5,329,329.5,330
1683248521989664667,327,326.5,326,325.5,325,328,328.5,329,329.5,330
1683248522022254028,327,326.5,326,325.5,325,328,328.5,329,329.5,330
1683248522022254028,327,326.5,326,325.5,325,328,328.5,329,329.5,330
1683248522054197756,327,326.5,326,325.5,325,328,328.5,329,329.5,330
1683248522610406074,327,326.5,326,325.5,325,328,328.5,329,329.5,330
1683248522687890832,327,326.5,326,325.5,325,328,328.5,329,329.5,330
1683248523968827546,327,326.5,326,325.5,325,328,328.5,329,329.5,330
1683248524187926134,327.5,327,326.5,326,325.5,328,328.5,329,329.5,330
1683248524222880876,327.5,327,326.5,326,325.5,328,328.5,329,329.5,330
1683248524222880876,327,326.5,326,325.5,325,328,328.5,329,329.5,330
1683248524245791434,327,326.5,326,325.5,325,328,328.5,329,329.5,330
1683248524245791434,327,326.5,326,325.5,325,328,328.5,329,329.5,330
1683248524267002070,327,326.5,326,325.5,325,328,328.5,329,329.5,330
1683248524631512027,327,326.5,326,325.5,325,328,328.5,329,329.5,330
1683248524929372231,327.5,327,326.5,326,325.5,328,328.5,329,329.5,330
1683248524964196238,327.5,327,326.5,326,325.5,328,328.5,329,329.5,330
1683248524964232255,327,326.5,326,325.5,325,328,328.5,329,329.5,330
1683248524998005589,327,326.5,326,325.5,325,328,328.5,329,329.5,330
1683248524998005589,327,326.5,326,325.5,325,328,328.5,329,329.5,330
1683248525031458722,327,326.5,326,325.5,325,328,328.5,329,329.5,330
1683248526030193353,327,326.5,326,325.5,325,328,328.5,329,329.5,330
1683248526559681240,327,326.5,326,325.5,325,328,328.5,329,329.5,330
1683248528177530534,327,326.5,326,325.5,325,328,328.5,329,329.5,330
1683248528220689781,327,326.5,326,325.5,325,328,328.5,329,329.5,330
1683248530724525796,327,326.5,326,325.5,325,328,328.5,329,329.5,330
1683248531613461595,327,326.5,326,325.5,325,327.5,328,328.5,329,329.5
1683248531651435727,327,326.5,326,325.5,325,327.5,328,328.5,329,329.5
1683248531661767266,327,326.5,326,325.5,325,327.5,328,328.5,329,329.5
1683248531684443583,327,326.5,326,325.5,325,327.5,328,328.5,329,329.5
1683248531884077133,327,326.5,326,325.5,325,327.5,328,328.5,329,329.5
1683248531929452121,327,326.5,326,325.5,325,328,328.5,329,329.5,330
1683248531960215493,327,326.5,326,325.5,325,328,328.5,329,329.5,330
1683248531984436541,327,326.5,326,325.5,325,328,328.5,329,329.5,330
1683248531994040805,327,326.5,326,325.5,325,328,328.5,329,329.5,330
1683248532830604207,327,326.5,326,325.5,325,328,328.5,329,329.5,330
1683248533031706194,327,326.5,326,325.5,325,328,328.5,329,329.5,330
1683248535972349595,327.5,327,326.5,326,325.5,328,328.5,329,329.5,330
1683248536003217684,327.5,327,326.5,326,325.5,328,328.5,329,329.5,330
1683248536003217684,327,326.5,326,325.5,325,328,328.5,329,329.5,330
1683248536035821803,327,326.5,326,325.5,325,328,328.5,329,329.5,330
1683248536035845367,327,326.5,326,325.5,325,328,328.5,329,329.5,330
1683248536068589408,327,326.5,326,325.5,325,328,328.5,329,329.5,330
1683248536577629521,327,326.5,326,325.5,325,327.5,328,328.5,329,329.5
1683248536611368831,327,326.5,326,325.5,325,327.5,328,328.5,329,329.5
1683248536621949858,327,326.5,326,325.5,325,327.5,328,328.5,329,329.5
1683248536645628438,327,326.5,326,325.5,325,327.5,328,328.5,329,329.5
1683248536883715299,327,326.5,326,325.5,325,327.5,328,328.5,329,329.5
1683248538089023270,327,326.5,326,325.5,325,327.5,328,328.5,329,329.5
1683248538130150682,327,326.5,326,325.5,325,328,328.5,329,329.5,330
1683248538163695307,327,326.5,326,325.5,325,328,328.5,329,329.5,330
1683248538194868899,327,326.5,326,325.5,325,328,328.5,329,329.5,330
1683248538831454135,327,326.5,326,325.5,325,328,328.5,329,329.5,330
1683248540549722359,327,326.5,326,325.5,325,328,328.5,329,329.5,330
1683248540580732285,326.5,326,325.5,325,324.5,328,328.5,329,329.5,330
1683248540610016670,326.5,326,325.5,325,324.5,328,328.5,329,329.5,330
1683248540610016670,326.5,326,325.5,325,324.5,328,328.5,329,329.5,330
1683248540623400610,326.5,326,325.5,325,324.5,328,328.5,329,329.5,330
1683248540868198091,327.5,326.5,326,325.5,325,328,328.5,329,329.5,330
1683248540898912622,327.5,326.5,326,325.5,325,328,328.5,329,329.5,330
1683248540909253909,326.5,326,325.5,325,324.5,328,328.5,329,329.5,330
1683248540909253909,326.5,326,325.5,325,324.5,327.5,328,328.5,329,329.5
1683248540909253909,326.5,326,325.5,325,324.5,327.5,328,328.5,329,329.5
1683248540952116269,326.5,326,325.5,325,324.5,327.5,328,328.5,329,329.5
1683248540952116269,326.5,326,325.5,325,324.5,327.5,328,328.5,329,329.5
1683248540952116269,326.5,326,325.5,325,324.5,327.5,328,328.5,329,329.5
1683248540952169980,326.5,326,325.5,325,324.5,327.5,328,328.5,329,329.5
1683248540987754675,326.5,326,325.5,325,324.5,327.5,328,328.5,329,329.5
1683248540987809758,326.5,326,325.5,325,324.5,327.5,328,328.5,329,329.5
1683248540987825087,327,326.5,326,325.5,325,327.5,328,328.5,329,329.5
1683248541017040032,327,326.5,326,325.5,325,327.5,328,328.5,329,329.5
1683248541047459589,327,326.5,326,325.5,325,327.5,328,328.5,329,329.5
1683248541122334167,326.5,326,325.5,325,324.5,327.5,328,328.5,329,329.5
1683248541152862147,326.5,326,325.5,325,324.5,327.5,328,328.5,329,329.5
1683248541152862147,326.5,326,325.5,325,324.5,327.5,328,328.5,329,329.5
1683248541152972294,326.5,326,325.5,325,324.5,327.5,328,328.5,329,329.5
1683248541183599521,326.5,326,325.5,325,324.5,327.5,328,328.5,329,329.5
1683248541766177491,326.5,326,325.5,325,324.5,327.5,328,328.5,329,329.5
1683248543369892175,326.5,326,325.5,325,324.5,327.5,328,328.5,329,329.5
1683248544226939037,327,326.5,326,325.5,325,327.5,328,328.5,329,329.5
1683248544268003642,327,326.5,326,325.5,325,327.5,328,328.5,329,329.5
1683248544268003642,326.5,326,325.5,325,324.5,327.5,328,328.5,329,329.5
1683248544268003642,326.5,326,325.5,325,324.5,327.5,328,328.5,329,329.5
1683248544307949255,326.5,326,325.5,325,324.5,327.5,328,328.5,329,329.5
1683248544307949255,326.5,326,325.5,325,324.5,327.5,328,328.5,329,329.5
1683248544307949255,326.5,326,325.5,325,324.5,327.5,328,328.5,329,329.5
1683248544339941886,326.5,326,325.5,325,324.5,327.5,328,328.5,329,329.5
1683248545032753134,327,326.5,326,325.5,325,327.5,328,328.5,329,329.5
1683248545056363776,327,326.5,326,325.5,325,327.5,328,328.5,329,329.5
1683248545056435561,326.5,326,325.5,325,324.5,327.5,328,328.5,329,329.5
1683248545056435561,326.5,326,325.5,325,324.5,327.5,328,328.5,329,329.5
1683248545086951208,326.5,326,325.5,325,324.5,327.5,328,328.5,329,329.5
1683248545087005781,326.5,326,325.5,325,324.5,327.5,328,328.5,329,329.5
1683248545087005781,326.5,326,325.5,325,324.5,327.5,328,328.5,329,329.5
1683248545109513041,326.5,326,325.5,325,324.5,327.5,328,328.5,329,329.5
1683248545925896964,326.5,326,325.5,325,324.5,327.5,328,328.5,329,329.5
1683248547572318576,326.5,326,325.5,325,324.5,327.5,328,328.5,329,329.5
1683248548951743595,326.5,326,325.5,325,324.5,327.5,328,328.5,329,329.5
1683248549572191822,326.5,326,325.5,325,324.5,327.5,328,328.5,329,329.5
1683248551977582292,326.5,326,325.5,325,324.5,327.5,328,328.5,329,329.5
1683248553479871175,326.5,326,325.5,325,324.5,327.5,328,328.5,329,329.5
1683248556867310576,327,326.5,326,325.5,325,327.5,328,328.5,329,329.5
1683248556902312126,327,326.5,326,325.5,325,327.5,328,328.5,329,329.5
1683248556902312126,326.5,326,325.5,325,324.5,327.5,328,328.5,329,329.5
1683248556924757671,326.5,326,325.5,325,324.5,327.5,328,328.5,329,329.5
1683248556934823441,326.5,326,325.5,325,324.5,327.5,328,328.5,329,329.5
1683248556934823441,326.5,326,325.5,325,324.5,327.5,328,328.5,329,329.5
1683248556957427653,326.5,326,325.5,325,324.5,327.5,328,328.5,329,329.5
1683248557395640027,326.5,326,325.5,325,324.5,327.5,328,328.5,329,329.5
1683248557772746796,326.5,326,325.5,325,324.5,327,327.5,328,328.5,329
1683248557807022033,326.5,326,325.5,325,324.5,327,327.5,328,328.5,329
1683248557807022033,326,325.5,325,324.5,324,327,327.5,328,328.5,329
1683248557840951189,326,325.5,325,324.5,324,327,327.5,328,328.5,329
1683248557840951189,326,325.5,325,324.5,324,327,327.5,328,328.5,329
1683248557840951189,326,325.5,325,324.5,324,327,327.5,328,328.5,329
1683248557840951189,326,325.5,325,324.5,324,327,327.5,328,328.5,329
1683248557851363911,326,325.5,325,324.5,324,327,327.5,328,328.5,329
1683248557871879151,326,325.5,325,324.5,324,327,327.5,328,328.5,329
1683248557882174672,326,325.5,325,324.5,324,327,327.5,328,328.5,329
1683248558333580979,326,325.5,325,324.5,324,327,327.5,328,328.5,329
1683248558428027806,326,325.5,325,324.5,324,327,327.5,328,328.5,329
1683248558470852696,326,325.5,325,324.5,324,327,327.5,328,328.5,329
1683248558481253294,326,325.5,325,324.5,324,327.5,328,328.5,329,329.5
1683248558512042105,326,325.5,325,324.5,324,327.5,328,328.5,329,329.5
1683248558544758745,326,325.5,325,324.5,324,327.5,328,328.5,329,329.5
1683248561093704589,326,325.5,325,324.5,324,327.5,328,328.5,329,329.5
1683248563400512757,326,325.5,325,324.5,324,327.5,328,328.5,329,329.5
1683248563537675218,326,325.5,325,324.5,324,327.5,328,328.5,329,329.5
1683248564351902972,326,325.5,325,324.5,324,327,327.5,328,328.5,329
1683248564373874207,326,325.5,325,324.5,324,327,327.5,328,328.5,329
1683248564373874207,326,325.5,325,324.5,324,327,327.5,328,328.5,329
1683248564373874207,326,325.5,325,324.5,324,327,327.5,328,328.5,329
1683248564393882214,326,325.5,325,324.5,324,327,327.5,328,328.5,329
1683248564406045673,326,325.5,325,324.5,324,327,327.5,328,328.5,329
1683248564724554797,326,325.5,325,324.5,324,327,327.5,328,328.5,329
1683248564765454121,326,325.5,325,324.5,324,327,327.5,328,328.5,329
1683248565736564724,326,325.5,325,324.5,324,327,327.5,328,328.5,329
1683248568262460469,326,325.5,325,324.5,324,327,327.5,328,328.5,329
1683248569918408708,326,325.5,325,324.5,324,327,327.5,328,328.5,329
1683248569961326563,326,325.5,325,324.5,324,327,327.5,328,328.5,329
1683248570007073459,326,325.5,325,324.5,324,327.5,328,328.5,329,329.5
1683248570007073459,326,325.5,325,324.5,324,327.5,328,328.5,329,329.5
1683248570038276296,326,325.5,325,324.5,324,327.5,328,328.5,329,329.5
1683248570072937738,326,325.5,325,324.5,324,327.5,328,328.5,329,329.5
1683248570192713914,326,325.5,325,324.5,324,327.5,328,328.5,329,329.5
1683248570436384920,326,325.5,325,324.5,324,327.5,328,328.5,329,329.5
1683248573632703094,326,325.5,325,324.5,324,327.5,328,328.5,329,329.5
1683248574313644004,326.5,326,325.5,325,324.5,327.5,328,328.5,329,329.5
1683248574344119896,326.5,326,325.5,325,324.5,327.5,328,328.5,329,329.5
1683248574344198694,326.5,326,325.5,325,324.5,327.5,328,328.5,329,329.5
1683248574378998045,326.5,326,325.5,325,324.5,327.5,328,328.5,329,329.5
1683248574389143304,326.5,326,325.5,325,324.5,327.5,328,328.5,329,329.5
1683248574759913626,326.5,326,325.5,325,324.5,327.5,328,328.5,329,329.5
1683248577381237530,326.5,326,325.5,325,324.5,327.5,328,328.5,329,329.5
1683248577492991804,326.5,326,325.5,325,324.5,327.5,328,328.5,329,329.5
1683248578131102023,326.5,326,325.5,325,324.5,327.5,328,328.5,329,329.5
1683248578512925098,326.5,326,325.5,325,324.5,327.5,328,328.5,329,329.5
1683248578757999288,326.5,326,325.5,325,324.5,327.5,328,328.5,329,329.5
1683248578790671816,326.5,326,325.5,325,324.5,327.5,328,328.5,329,329.5
1683248580138937769,326.5,326,325.5,325,324.5,327.5,328,328.5,329,329.5
1683248581523987329,326.5,326,325.5,325,324.5,327.5,328,328.5,329,329.5
1683248583440330465,327,326.5,326,325.5,325,327.5,328,328.5,329,329.5
1683248583472200596,327,326.5,326,325.5,325,327.5,328,328.5,329,329.5
1683248583506957306,327,326.5,326,325.5,325,327.5,328,328.5,329,329.5
1683248583529508900,327,326.5,326,325.5,325,327.5,328,328.5,329,329.5
1683248583825444900,327,326.5,326,325.5,325,327.5,328,328.5,329,329.5
1683248584626368474,327,326.5,326,325.5,325,327.5,328,328.5,329,329.5
1683248584861977983,327,326.5,326,325.5,325,327.5,328,328.5,329,329.5
1683248585262259797,327,326.5,326,325.5,325,327.5,328,328.5,329,329.5
1683248585285842256,326.5,326,325.5,325,324.5,327.5,328,328.5,329,329.5
1683248585306690271,326.5,326,325.5,325,324.5,327.5,328,328.5,329,329.5
1683248585306719376,326.5,326,325.5,325,324.5,327.5,328,328.5,329,329.5
1683248585328720776,326.5,326,325.5,325,324.5,327.5,328,328.5,329,329.5
1683248585482772800,326.5,326,325.5,325,324.5,327.5,328,328.5,329,329.5
1683248586552402696,326.5,326,325.5,325,324.5,327.5,328,328.5,329,329.5
1683248587241501393,326.5,326,325.5,325,324.5,327.5,328,328.5,329,329.5
1683248587454521848,326.5,326,325.5,325,324.5,327.5,328,328.5,329,329.5
1683248587491109557,326.5,326,325.5,325,324.5,327.5,328,328.5,329,329.5
1683248589106457032,326.5,326,325.5,325,324.5,327.5,328,328.5,329,329.5
1683248591017170648,326.5,326,325.5,325,324.5,327.5,328,328.5,329,329.5
1683248591218435250,326.5,326,325.5,325,324.5,327.5,328,328.5,329,329.5
1683248592782409214,326.5,326,325.5,325,324.5,327.5,328,328.5,329,329.5
1683248594109605537,326.5,326,325.5,325,324.5,327.5,328,328.5,329,329.5
1683248597041272783,326.5,326,325.5,325,324.5,327.5,328,328.5,329,329.5
1683248600130018975,326.5,326,325.5,325,324.5,328,328.5,329,329.5,330
1683248600160381836,326.5,326,325.5,325,324.5,328,328.5,329,329.5,330
1683248600160381836,326.5,326,325.5,325,324.5,328,328.5,329,329.5,330
1683248600160488035,326.5,326,325.5,325,324.5,328,328.5,329,329.5,330
1683248600168691999,326.5,326,325.5,325,324.5,328,328.5,329,329.5,330
1683248600189130565,326.5,326,325.5,325,324.5,328,328.5,329,329.5,330
1683248602287221227,326.5,326,325.5,325,324.5,328,328.5,329,329.5,330
1683248609712526080,327,326.5,326,325.5,325,328,328.5,329,329.5,330
1683248609712526080,327,326.5,326,325.5,325,328,328.5,329,329.5,330
1683248609743847841,327,326.5,326,325.5,325,328,328.5,329,329.5,330
1683248609753352558,327,326.5,326,325.5,325,328,328.5,329,329.5,330
1683248609753352558,327,326.5,326,325.5,325,328,328.5,329,329.5,330
1683248609773864291,327,326.5,326,325.5,325,328,328.5,329,329.5,330
1683248609773864291,327,326.5,326,325.5,325,328,328.5,329,329.5,330
1683248609804632102,327,326.5,326,325.5,325,328,328.5,329,329.5,330
1683248609838453787,327,326.5,326,325.5,325,328,328.5,329,329.5,330
1683248609869056968,327,326.5,326,325.5,325,328,328.5,329,329.5,330
1683248609910113387,327,326.5,326,325.5,325,328,328.5,329,329.5,330
1683248609981779550,327,326.5,326,325.5,325,328,328.5,329,329.5,330
1683248612698535410,327,326.5,326,325.5,325,328,328.5,329,329.5,330
1683248616398445546,327,326.5,326,325.5,325,328,328.5,329,329.5,330
1683248620231254227,327,326.5,326,325.5,325,328,328.5,329,329.5,330
1683248622778173435,327,326.5,326,325.5,325,328,328.5,329,329.5,330
1683248623054223046,327.5,327,326.5,326,325.5,328,328.5,329,329.5,330
1683248623074839015,327.5,327,326.5,326,325.5,328,328.5,329,329.5,330
1683248623095136847,327.5,327,326.5,326,325.5,328,328.5,329,329.5,330
1683248623211135891,327.5,327,326.5,326,325.5,328,328.5,329,329.5,330
1683248623692289202,327.5,327,326.5,326,325.5,328,328.5,329,329.5,330
1683248623749746987,327.5,327,326.5,326,325.5,328,328.5,329,329.5,330
1683248623785051737,327.5,327,326.5,326,325.5,328,328.5,329,329.5,330
1683248623814444445,327.5,327,326.5,326,325.5,328.5,329,329.5,330,330.5
1683248623846777575,327.5,327,326.5,326,325.5,328.5,329,329.5,330,330.5
1683248623846887131,327.5,327,326.5,326,325.5,328.5,329,329.5,330,330.5
1683248623846887131,327.5,327,326.5,326,325.5,328.5,329,329.5,330,330.5
1683248623846887131,327.5,327,326.5,326,325.5,328.5,329,329.5,330,330.5
1683248623876139637,327.5,327,326.5,326,325.5,328.5,329,329.5,330,330.5
1683248623876303685,327.5,327,326.5,326,325.5,328.5,329,329.5,330,330.5
1683248623876303685,328,327.5,327,326.5,326,328.5,329,329.5,330,330.5
1683248623876303685,328,327.5,327,326.5,326,329,329.5,330,330.5,331
1683248623907553931,328,327.5,327,326.5,326,329,329.5,330,330.5,331
1683248623907553931,328,327.5,327,326.5,326,329,329.5,330,330.5,331
1683248623907553931,328,327.5,327,326.5,326,329,329.5,330,330.5,331
1683248623907553931,328,327.5,327,326.5,326,329,329.5,330,330.5,331
1683248623907693112,328.5,328,327.5,327,326.5,329,329.5,330,330.5,331
1683248623919966588,328.5,328,327.5,327,326.5,329,329.5,330,330.5,331
1683248623942063668,328.5,328,327.5,327,326.5,329,329.5,330,330.5,331
1683248623942063668,328.5,328,327.5,327,326.5,329,329.5,330,330.5,331
1683248623942063668,328.5,328,327.5,327,326.5,329,329.5,330,330.5,331
1683248623942199483,328.5,328,327.5,327,326.5,329.5,330,330.5,331,331.5
1683248623942199483,328.5,328,327.5,327,326.5,329.5,330,330.5,331,331.5
1683248623942199483,328.5,328,327.5,327,326.5,329.5,330,330.5,331,331.5
1683248623952390598,328.5,328,327.5,327,326.5,329.5,330,330.5,331,331.5
1683248623952574283,328.5,328,327.5,327,326.5,329.5,330,330.5,331,331.5
1683248623975245371,328.5,328,327.5,327,326.5,329.5,330,330.5,331,331.5
1683248623975245371,328.5,328,327.5,327,326.5,329.5,330,330.5,331,331.5
1683248623975245371,329,328.5,328,327.5,327,329.5,330,330.5,331,331.5
1683248623985503101,329,328.5,328,327.5,327,329.5,330,330.5,331,331.5
1683248624007813332,329,328.5,328,327.5,327,329.5,330,330.5,331,331.5
1683248624020458204,329,328.5,328,327.5,327,329.5,330,330.5,331,331.5
1683248624680072089,329,328.5,328,327.5,327,329.5,330,330.5,331,331.5
1683248624699961484,329,328.5,328,327.5,327,329.5,330,330.5,331,331.5
1683248625613667782,329,328.5,328,327.5,327,329.5,330,330.5,331,331.5
1683248625809258060,328.5,328,327.5,327,326.5,329.5,330,330.5,331,331.5
1683248625821289120,329,328.5,328,327.5,327,329.5,330,330.5,331,331.5
1683248625821303357,329,328.5,328,327.5,327,329.5,330,330.5,331,331.5
1683248625843594832,329,328.5,328,327.5,327,329.5,330,330.5,331,331.5
1683248625843624978,329,328.5,328,327.5,327,329.5,330,330.5,331,331.5
1683248625855481390,329,328.5,328,327.5,327,329.5,330,330.5,331,331.5
1683248626810390933,329,328.5,328,327.5,327,329.5,330,330.5,331,331.5
1683248626851347575,329,328.5,328,327.5,327,329.5,330,330.5,331,331.5
1683248629527319457,329,328.5,328,327.5,327,329.5,330,330.5,331,331.5
1683248630240602834,329,328.5,328,327.5,327,329.5,330,330.5,331,331.5
1683248630427205536,329,328.5,328,327.5,327,329.5,330,330.5,331,331.5
1683248631339668008,329,328.5,328,327.5,327,329.5,330,330.5,331,331.5
1683248631462585382,329,328.5,328,327.5,327,329.5,330,330.5,331,331.5
1683248631666553871,329,328.5,328,327.5,327,329.5,330,330.5,331,331.5
1683248631853567054,329,328.5,328,327.5,327,329.5,330,330.5,331,331.5
1683248632408752260,329,328.5,328,327.5,327,329.5,330,330.5,331,331.5
1683248633251991296,329,328.5,328,327.5,327,329.5,330,330.5,331,331.5
1683248633394669113,329,328.5,328,327.5,327,329.5,330,330.5,331,331.5
1683248634512705348,329,328.5,328,327.5,327,329.5,330,330.5,331,331.5
1683248635436600467,329,328.5,328,327.5,327,329.5,330,330.5,331,331.5
1683248635639580680,329,328.5,328,327.5,327,329.5,330,330.5,331,331.5
1683248635911209500,329,328.5,328,327.5,327,329.5,330,330.5,331,331.5
1683248638556101515,329,328.5,328,327.5,327,329.5,330,330.5,331,331.5
1683248638722131209,329,328.5,328,327.5,327,329.5,330,330.5,331,331.5
1683248640572203522,329,328.5,328,327.5,327,329.5,330,330.5,331,331.5
1683248640797914304,329,328.5,328,327.5,327,329.5,330,330.5,331,331.5
1683248642153241215,329,328.5,328,327.5,327,329.5,330,330.5,331,331.5
1683248645982858072,329,328.5,328,327.5,327,329.5,330,330.5,331,331.5
1683248647399485253,329,328.5,328,327.5,327,329.5,330,330.5,331,331.5
1683248647887875782,329,328.5,328,327.5,327,329.5,330,330.5,331,331.5
1683248648661708519,329,328.5,328,327.5,327,329.5,330,330.5,331,331.5
1683248649091636868,329,328.5,328,327.5,327,329.5,330,330.5,331,331.5
1683248650313446762,329,328.5,328,327.5,327,329.5,330,330.5,331,331.5
1683248650478409021,329,328.5,328,327.5,327,329.5,330,330.5,331,331.5
1683248651171370681,329,328.5,328,327.5,327,329.5,330,330.5,331,331.5
1683248653395669765,329,328.5,328,327.5,327,329.5,330,330.5,331,331.5
1683248653915314459,329,328.5,328,327.5,327,329.5,330,330.5,331,331.5
1683248654233370242,329,328.5,328,327.5,327,329.5,330,330.5,331,331.5
1683248654278367891,329,328.5,328,327.5,327,329.5,330,330.5,331,331.5
1683248654856981828,329,328.5,328,327.5,327,329.5,330,330.5,331,331.5
1683248655203074674,329,328.5,328,327.5,327,329.5,330,330.5,331,331.5
1683248655267702121,329,328.5,328,327.5,327,329.5,330,330.5,331,331.5
1683248656123672161,329,328.5,328,327.5,327,329.5,330,330.5,331,331.5
1683248656207574399,329,328.5,328,327.5,327,329.5,330,330.5,331,331.5
1683248657330568603,329,328.5,328,327.5,327,329.5,330,330.5,331,331.5
1683248657479431404,329,328.5,328,327.5,327,329.5,330,330.5,331,331.5
1683248658745600719,329,328.5,328,327.5,327,329.5,330,330.5,331,331.5
1683248658934652138,329,328.5,328,327.5,327,329.5,330,330.5,331,331.5
1683248659008654708,329.5,329,328.5,328,327.5,330,330.5,331,331.5,332
1683248659028846681,329.5,329,328.5,328,327.5,330,330.5,331,331.5,332
1683248659028955987,329.5,329,328.5,328,327.5,330,330.5,331,331.5,332
1683248659062724351,329.5,329,328.5,328,327.5,330,330.5,331,331.5,332
1683248659062724351,329.5,329,328.5,328,327.5,330,330.5,331,331.5,332
1683248659083493058,329.5,329,328.5,328,327.5,330,330.5,331,331.5,332
1683248659083493058,329.5,329,328.5,328,327.5,330,330.5,331,331.5,332
1683248659742492428,329.5,329,328.5,328,327.5,330,330.5,331,331.5,332
1683248660051803763,329.5,329,328.5,328,327.5,330,330.5,331,331.5,332
1683248660636689024,329.5,329,328.5,328,327.5,330,330.5,331,331.5,332
1683248661767018782,329.5,329,328.5,328,327.5,330,330.5,331,331.5,332
1683248663313968390,329.5,329,328.5,328,327.5,330,330.5,331,331.5,332
1683248664534887592,329.5,329,328.5,328,327.5,330,330.5,331,331.5,332
1683248665282543819,329.5,329,328.5,328,327.5,330,330.5,331,331.5,332
1683248667386855690,329.5,329,328.5,328,327.5,330,330.5,331,331.5,332
1683248667431943759,329.5,329,328.5,328,327.5,330,330.5,331,331.5,332
1683248667508756886,329.5,329,328.5,328,327.5,330,330.5,331,331.5,332
1683248667541684072,329.5,329,328.5,328,327.5,330,330.5,331,331.5,332
1683248667961259021,329.5,329,328.5,328,327.5,330,330.5,331,331.5,332
1683248668220275159,329.5,329,328.5,328,327.5,330,330.5,331,331.5,332
1683248668726270293,329.5,329,328.5,328,327.5,330,330.5,331,331.5,332
1683248669554074198,329.5,329,328.5,328,327.5,330,330.5,331,331.5,332
1683248669780897129,329.5,329,328.5,328,327.5,330,330.5,331,331.5,332
1683248671571867008,329.5,329,328.5,328,327.5,330,330.5,331,331.5,332
1683248671594445873,329.5,329,328.5,328,327.5,330,330.5,331,331.5,332
1683248671651893188,329.5,329,328.5,328,327.5,330,330.5,331,331.5,332
1683248672025816410,329.5,329,328.5,328,327.5,330,330.5,331,331.5,332
1683248673802235668,329.5,329,328.5,328,327.5,330,330.5,331,331.5,332
1683248673835001100,329.5,329,328.5,328,327.5,330,330.5,331,331.5,332
1683248673835025486,329.5,329,328.5,328,327.5,330,330.5,331,331.5,332
1683248674156523973,329.5,329,328.5,328,327.5,330,330.5,331,331.5,332
1683248674687169001,329.5,329,328.5,328,327.5,330,330.5,331,331.5,332
1683248675274996687,329.5,329,328.5,328,327.5,330,330.5,331,331.5,332
1683248675307457757,329.5,329,328.5,328,327.5,330,330.5,331,331.5,332
1683248676038810942,329.5,329,328.5,328,327.5,330,330.5,331,331.5,332
1683248676205580495,329.5,329,328.5,328,327.5,330,330.5,331,331.5,332
1683248676870217732,329.5,329,328.5,328,327.5,330,330.5,331,331.5,332
1683248677229792582,329.5,329,328.5,328,327.5,330,330.5,331,331.5,332
1683248677263506926,329.5,329,328.5,328,327.5,330,330.5,331,331.5,332
1683248678114558691,329.5,329,328.5,328,327.5,330,330.5,331,331.5,332
1683248678584445828,329.5,329,328.5,328,327.5,330,330.5,331,331.5,332
1683248678683642864,329.5,329,328.5,328,327.5,330,330.5,331,331.5,332
1683248678716482946,329.5,329,328.5,328,327.5,330,330.5,331,331.5,332
1683248678716482946,329.5,329,328.5,328,327.5,330,330.5,331,331.5,332
1683248679076851787,329.5,329,328.5,328,327.5,330,330.5,331,331.5,332
1683248680656719614,329.5,329,328.5,328,327.5,330,330.5,331,331.5,332
1683248680676620660,329.5,329,328.5,328,327.5,330,330.5,331,331.5,332
1683248680697398213,329.5,329,328.5,328,327.5,330,330.5,331,331.5,332
1683248681088598655,329.5,329,328.5,328,327.5,330,330.5,331,331.5,332
1683248681466011609,329.5,329,328.5,328,327.5,330,330.5,331,331.5,332
1683248681496662520,329.5,329,328.5,328,327.5,330,330.5,331,331.5,332
1683248681496662520,329.5,329,328.5,328,327.5,330,330.5,331,331.5,332
1683248681763976238,329.5,329,328.5,328,327.5,330,330.5,331,331.5,332
1683248681997416795,329.5,329,328.5,328,327.5,330,330.5,331,331.5,332
1683248683374655838,329.5,329,328.5,328,327.5,330,330.5,331,331.5,332
1683248683540607375,329.5,329,328.5,328,327.5,330,330.5,331,331.5,332
1683248683601899138,329.5,329,328.5,328,327.5,330,330.5,331,331.5,332
1683248683937255495,329.5,329,328.5,328,327.5,330,330.5,331,331.5,332
1683248684626383847,329.5,329,328.5,328,327.5,330,330.5,331,331.5,332
1683248684748818034,329.5,329,328.5,328,327.5,330,330.5,331,331.5,332
1683248685146583553,329.5,329,328.5,328,327.5,330,330.5,331,331.5,332
1683248685178961247,329.5,329,328.5,328,327.5,330,330.5,331,331.5,332
1683248685209582562,329.5,329,328.5,328,327.5,330,330.5,331,331.5,332
1683248685240493903,329.5,329,328.5,328,327.5,330,330.5,331,331.5,332
1683248686648899445,329.5,329,328.5,328,327.5,330,330.5,331,331.5,332
1683248687282492573,329.5,329,328.5,328,327.5,330,330.5,331,331.5,332
1683248687315237566,329,328.5,328,327.5,327,330,330.5,331,331.5,332
1683248687358142025,329,328.5,328,327.5,327,330,330.5,331,331.5,332
1683248687358142025,329,328.5,328,327.5,327,330,330.5,331,331.5,332
1683248687358449492,329,328.5,328,327.5,327,330,330.5,331,331.5,332
1683248687390965445,329,328.5,328,327.5,327,330,330.5,331,331.5,332
1683248687687766109,329,328.5,328,327.5,327,330,330.5,331,331.5,332
1683248688333022195,329.5,329,328.5,328,327.5,330,330.5,331,331.5,332
1683248688363638841,329.5,329,328.5,328,327.5,330,330.5,331,331.5,332
1683248688394431779,329.5,329,328.5,328,327.5,330,330.5,331,331.5,332
1683248688798823760,329.5,329,328.5,328,327.5,330,330.5,331,331.5,332
1683248689037427441,329.5,329,328.5,328,327.5,330,330.5,331,331.5,332
1683248689449283377,329.5,329,328.5,328,327.5,330,330.5,331,331.5,332
1683248689652959736,329,328.5,328,327.5,327,329.5,330,330.5,331,331.5
1683248689685571129,329,328.5,328,327.5,327,329.5,330,330.5,331,331.5
1683248689697861365,329,328.5,328,327.5,327,329.5,330,330.5,331,331.5
1683248689719225439,329,328.5,328,327.5,327,329.5,330,330.5,331,331.5
1683248689719225439,329,328.5,328,327.5,327,329.5,330,330.5,331,331.5
1683248692505783040,329,328.5,328,327.5,327,329.5,330,330.5,331,331.5
1683248692934750194,329,328.5,328,327.5,327,329.5,330,330.5,331,331.5
1683248694065348055,329,328.5,328,327.5,327,329.5,330,330.5,331,331.5
1683248695751111595,329,328.5,328,327.5,327,329.5,330,330.5,331,331.5
1683248696024461156,329,328.5,328,327.5,327,329.5,330,330.5,331,331.5
1683248697010417232,329,328.5,328,327.5,327,329.5,330,330.5,331,331.5
1683248697205294080,329,328.5,328,327.5,327,329.5,330,330.5,331,331.5
1683248698742051731,329,328.5,328,327.5,327,329.5,330,330.5,331,331.5
1683248699264222898,329,328.5,328,327.5,327,329.5,330,330.5,331,331.5
1683248699443536724,329,328.5,328,327.5,327,329.5,330,330.5,331,331.5
1683248701950589305,329,328.5,328,327.5,327,329.5,330,330.5,331,331.5
1683248701950644840,329,328.5,328,327.5,327,329.5,330,330.5,331,331.5
1683248701995484132,329,328.5,328,327.5,327,329.5,330,330.5,331,331.5
1683248702017777490,329,328.5,328,327.5,327,329.5,330,330.5,331,331.5
1683248704042173198,329,328.5,328,327.5,327,329.5,330,330.5,331,331.5
1683248704870577239,329,328.5,328,327.5,327,329.5,330,330.5,331,331.5
1683248705180196100,329,328.5,328,327.5,327,329.5,330,330.5,331,331.5
1683248705379066867,329,328.5,328,327.5,327,329.5,330,330.5,331,331.5
1683248709271983286,329,328.5,328,327.5,327,329.5,330,330.5,331,331.5
1683248709306700062,329,328.5,328,327.5,327,329.5,330,330.5,331,331.5
1683248709838815651,329,328.5,328,327.5,327,329.5,330,330.5,331,331.5
1683248710213078690,329,328.5,328,327.5,327,329.5,330,330.5,331,331.5
1683248710246063444,329,328.5,328,327.5,327,329.5,330,330.5,331,331.5
1683248711202251967,329,328.5,328,327.5,327,329.5,330,330.5,331,331.5
1683248713425264214,329,328.5,328,327.5,327,329.5,330,330.5,331,331.5
1683248713460322150,329,328.5,328,327.5,327,329.5,330,330.5,331,331.5
1683248713825813500,329,328.5,328,327.5,327,329.5,330,330.5,331,331.5
1683248713836210652,329,328.5,328,327.5,327,329.5,330,330.5,331,331.5
1683248714324070114,329,328.5,328,327.5,327,329.5,330,330.5,331,331.5
1683248715790150118,329,328.5,328,327.5,327,329.5,330,330.5,331,331.5
1683248715822520498,329,328.5,328,327.5,327,329.5,330,330.5,331,331.5
1683248716951168347,329,328.5,328,327.5,327,329.5,330,330.5,331,331.5
1683248717206966152,329,328.5,328,327.5,327,329.5,330,330.5,331,331.5
1683248719277836653,329,328.5,328,327.5,327,329.5,330,330.5,331,331.5
1683248719618370130,329,328.5,328,327.5,327,329.5,330,330.5,331,331.5
1683248719996397628,329,328.5,328,327.5,327,329.5,330,330.5,331,331.5
1683248721323077059,329,328.5,328,327.5,327,329.5,330,330.5,331,331.5
1683248722145874432,329,328.5,328,327.5,327,329.5,330,330.5,331,331.5
1683248722631327266,329,328.5,328,327.5,327,329.5,330,330.5,331,331.5
1683248724865874481,329,328.5,328,327.5,327,329.5,330,330.5,331,331.5
1683248724921269763,329,328.5,328,327.5,327,329.5,330,330.5,331,331.5
1683248725635857689,329,328.5,328,327.5,327,329.5,330,330.5,331,331.5
1683248727084537432,329,328.5,328,327.5,327,329.5,330,330.5,331,331.5
1683248727680607444,329,328.5,328,327.5,327,329.5,330,330.5,331,331.5
1683248727714270861,328.5,328,327.5,327,326.5,329.5,330,330.5,331,331.5
1683248727748431593,328.5,328,327.5,327,326.5,329.5,330,330.5,331,331.5
1683248727748431593,328.5,328,327.5,327,326.5,329.5,330,330.5,331,331.5
1683248727748431593,328,327.5,327,326.5,326,329.5,330,330.5,331,331.5
1683248727748431593,328,327.5,327,326.5,326,329,329.5,330,330.5,331
1683248727748574361,328,327.5,327,326.5,326,329,329.5,330,330.5,331
1683248727760267196,328,327.5,327,326.5,326,329,329.5,330,330.5,331
1683248727791143330,328,327.5,327,326.5,326,329,329.5,330,330.5,331
1683248727791143330,328,327.5,327,326.5,326,329,329.5,330,330.5,331
1683248727791143330,328,327.5,327,326.5,326,329,329.5,330,330.5,331
1683248727791143330,328,327.5,327,326.5,326,329,329.5,330,330.5,331
1683248727801391662,328,327.5,327,326.5,326,329,329.5,330,330.5,331
1683248728997384040,328,327.5,327,326.5,326,329,329.5,330,330.5,331
1683248730314533236,328,327.5,327,326.5,326,329,329.5,330,330.5,331
1683248730314533236,328,327.5,327,326.5,326,329,329.5,330,330.5,331
1683248730337902475,328,327.5,327,326.5,326,329,329.5,330,330.5,331
1683248730349327217,328,327.5,327,326.5,326,329,329.5,330,330.5,331
1683248730369874637,328,327.5,327,326.5,326,329,329.5,330,330.5,331
1683248730404479633,328,327.5,327,326.5,326,329,329.5,330,330.5,331
1683248730437151148,328,327.5,327,326.5,326,329,329.5,330,330.5,331
1683248730469962746,328,327.5,327,326.5,326,329.5,330,330.5,331,331.5
1683248730469962746,328,327.5,327,326.5,326,329.5,330,330.5,331,331.5
1683248730505122704,328,327.5,327,326.5,326,329.5,330,330.5,331,331.5
1683248731064278975,328,327.5,327,326.5,326,329.5,330,330.5,331,331.5
1683248731096624559,328.5,328,327.5,327,326.5,329.5,330,330.5,331,331.5
1683248731131854798,328.5,328,327.5,327,326.5,329.5,330,330.5,331,331.5
1683248731144035589,328.5,328,327.5,327,326.5,329.5,330,330.5,331,331.5
1683248731164496638,328.5,328,327.5,327,326.5,329.5,330,330.5,331,331.5
1683248732786678885,328.5,328,327.5,327,326.5,329.5,330,330.5,331,331.5
1683248732819059554,328.5,328,327.5,327,326.5,329.5,330,330.5,331,331.5
1683248733660125940,328.5,328,327.5,327,326.5,329.5,330,330.5,331,331.5
1683248733660177436,328.5,328,327.5,327,326.5,329,329.5,330,330.5,331
1683248735948363456,328.5,328,327.5,327,326.5,329,329.5,330,330.5,331
1683248735948470577,328.5,328,327.5,327,326.5,329,329.5,330,330.5,331
1683248735979069070,328.5,328,327.5,327,326.5,329,329.5,330,330.5,331
1683248735999685750,328,327.5,327,326.5,326,329,329.5,330,330.5,331
1683248736030306675,328,327.5,327,326.5,326,329,329.5,330,330.5,331
1683248736050777913,328,327.5,327,326.5,326,329,329.5,330,330.5,331
1683248737846299077,328,327.5,327,326.5,326,328.5,329,329.5,330,330.5
1683248738259099836,328,327.5,327,326.5,326,328.5,329,329.5,330,330.5
1683248738293334216,328,327.5,327,326.5,326,328.5,329,329.5,330,330.5
1683248738705134447,328,327.5,327,326.5,326,328.5,329,329.5,330,330.5
1683248739247732879,328,327.5,327,326.5,326,328.5,329,329.5,330,330.5
1683248740553574433,328,327.5,327,326.5,326,328.5,329,329.5,330,330.5
1683248740584551426,328,327.5,327,326.5,326,329,329.5,330,330.5,331
1683248740617633052,328,327.5,327,326.5,326,329,329.5,330,330.5,331
1683248741287533931,328,327.5,327,326.5,326,329,329.5,330,330.5,331
1683248741676818075,328,327.5,327,326.5,326,329,329.5,330,330.5,331
1683248742178548081,328,327.5,327,326.5,326,329,329.5,330,330.5,331
1683248742522821331,328,327.5,327,326.5,326,329,329.5,330,330.5,331
1683248742556205073,328,327.5,327,326.5,326,329,329.5,330,330.5,331
1683248746620660418,328,327.5,327,326.5,326,329,329.5,330,330.5,331
1683248746653474601,328,327.5,327,326.5,326,329,329.5,330,330.5,331
1683248747032352225,328,327.5,327,326.5,326,329,329.5,330,330.5,331
1683248747077306593,328,327.5,327,326.5,326,329,329.5,330,330.5,331
1683248747449439453,328,327.5,327,326.5,326,329,329.5,330,330.5,331
1683248747484366874,328.5,328,327.5,327,326.5,329,329.5,330,330.5,331
1683248747517013492,328.5,328,327.5,327,326.5,329,329.5,330,330.5,331
1683248747527375408,328.5,328,327.5,327,326.5,329,329.5,330,330.5,331
1683248747562323969,328.5,328,327.5,327,326.5,329.5,330,330.5,331,331.5
1683248749009116858,328.5,328,327.5,327,326.5,329.5,330,330.5,331,331.5
1683248749043839425,328,327.5,327,326.5,326,329.5,330,330.5,331,331.5
1683248749067106913,328,327.5,327,326.5,326,329.5,330,330.5,331,331.5
1683248749087495916,328,327.5,327,326.5,326,329.5,330,330.5,331,331.5
1683248749097784183,328,327.5,327,326.5,326,329.5,330,330.5,331,331.5
1683248750858039952,328,327.5,327,326.5,326,329,329.5,330,330.5,331
1683248752055036214,328,327.5,327,326.5,326,329,329.5,330,330.5,331
1683248754683660292,328,327.5,327,326.5,326,329,329.5,330,330.5,331
1683248755435684368,328,327.5,327,326.5,326,329,329.5,330,330.5,331
1683248756061593427,328,327.5,327,326.5,326,329,329.5,330,330.5,331
1683248758297810758,328,327.5,327,326.5,326,329,329.5,330,330.5,331
1683248759562153022,328,327.5,327,326.5,326,329,329.5,330,330.5,331
1683248760050083237,328,327.5,327,326.5,326,329,329.5,330,330.5,331
1683248760738507476,328,327.5,327,326.5,326,329,329.5,330,330.5,331
1683248762052531765,328,327.5,327,326.5,326,329,329.5,330,330.5,331
1683248765798643356,328,327.5,327,326.5,326,329,329.5,330,330.5,331
1683248767256682050,328,327.5,327,326.5,326,329,329.5,330,330.5,331
1683248767896775362,328,327.5,327,326.5,326,329,329.5,330,330.5,331
1683248772639711646,328,327.5,327,326.5,326,329,329.5,330,330.5,331
1683248773295145171,328,327.5,327,326.5,326,329,329.5,330,330.5,331
1683248775395451119,328,327.5,327,326.5,326,329,329.5,330,330.5,331
1683248775428375429,328,327.5,327,326.5,326,329,329.5,330,330.5,331
1683248775628286138,328,327.5,327,326.5,326,329,329.5,330,330.5,331
1683248775707659062,328.5,328,327.5,327,326.5,329,329.5,330,330.5,331
1683248775717954864,328.5,328,327.5,327,326.5,329,329.5,330,330.5,331
1683248776850472088,328.5,328,327.5,327,326.5,329,329.5,330,330.5,331
1683248777018985735,328.5,328,327.5,327,326.5,329,329.5,330,330.5,331
1683248785225912218,328.5,328,327.5,327,326.5,329,329.5,330,330.5,331
1683248785548975102,328,327.5,327,326.5,326,329,329.5,330,330.5,331
1683248787878106501,328,327.5,327,326.5,326,329,329.5,330,330.5,331
1683248787908720583,328,327.5,327,326.5,326,329,329.5,330,330.5,331
1683248789147797137,328,327.5,327,326.5,326,329,329.5,330,330.5,331
1683248789696651234,328,327.5,327,326.5,326,328.5,329,329.5,330,330.5
1683248792520119908,328,327.5,327,326.5,326,328.5,329,329.5,330,330.5
1683248792747162842,328,327.5,327,326.5,326,328.5,329,329.5,330,330.5
1683248793857335891,328,327.5,327,326.5,326,329,329.5,330,330.5,331
1683248798646707964,328,327.5,327,326.5,326,329,329.5,330,330.5,331
1683248798910790374,328,327.5,327,326.5,326,329,329.5,330,330.5,331
1683248798941522187,328,327.5,327,326.5,326,329,329.5,330,330.5,331
1683248802067702964,328,327.5,327,326.5,326,328.5,329,329.5,330,330.5
1683248802100396520,328,327.5,327,326.5,326,329,329.5,330,330.5,331
1683248802325862904,328,327.5,327,326.5,326,329,329.5,330,330.5,331
1683248803509818640,328,327.5,327,326.5,326,329,329.5,330,330.5,331
1683248804461983528,328,327.5,327,326.5,326,329,329.5,330,330.5,331
1683248808785947544,328,327.5,327,326.5,326,329,329.5,330,330.5,331
1683248808818015516,328,327.5,327,326.5,326,329,329.5,330,330.5,331
1683248808818015516,328.5,328,327.5,327,326.5,329,329.5,330,330.5,331
1683248808818015516,328.5,328,327.5,327,326.5,329,329.5,330,330.5,331
1683248808828666354,328.5,328,327.5,327,326.5,329,329.5,330,330.5,331
1683248808851075521,328.5,328,327.5,327,326.5,329,329.5,330,330.5,331
1683248809472617620,328.5,328,327.5,327,326.5,329,329.5,330,330.5,331
1683248809505257255,328.5,328,327.5,327,326.5,329.5,330,330.5,331,331.5
1683248809505331254,328.5,328,327.5,327,326.5,329.5,330,330.5,331,331.5
1683248809515414988,328.5,328,327.5,327,326.5,329.5,330,330.5,331,331.5
1683248809537912089,328.5,328,327.5,327,326.5,329.5,330,330.5,331,331.5
1683248809607712238,328.5,328,327.5,327,326.5,329.5,330,330.5,331,331.5
1683248810529576022,328.5,328,327.5,327,326.5,329.5,330,330.5,331,331.5
1683248810776983423,328.5,328,327.5,327,326.5,329.5,330,330.5,331,331.5
1683248813548456647,328.5,328,327.5,327,326.5,329.5,330,330.5,331,331.5
1683248813580841063,328.5,328,327.5,327,326.5,329.5,330,330.5,331,331.5
1683248814334417785,328.5,328,327.5,327,326.5,329.5,330,330.5,331,331.5
1683248815942280134,328.5,328,327.5,327,326.5,329.5,330,330.5,331,331.5
1683248816096009321,328.5,328,327.5,327,326.5,329.5,330,330.5,331,331.5
1683248816130523446,329,328.5,328,327.5,327,329.5,330,330.5,331,331.5
1683248816130523446,329,328.5,328,327.5,327,329.5,330,330.5,331,331.5
1683248816163473654,329,328.5,328,327.5,327,329.5,330,330.5,331,331.5
1683248816163695290,329,328.5,328,327.5,327,329.5,330,330.5,331,331.5
1683248820329717759,329,328.5,328,327.5,327,329.5,330,330.5,331,331.5
1683248820369965450,328.5,328,327.5,327,326.5,329.5,330,330.5,331,331.5
1683248820369965450,328.5,328,327.5,327,326.5,329.5,330,330.5,331,331.5
1683248822567446406,328.5,328,327.5,327,326.5,329.5,330,330.5,331,331.5
1683248822598121593,328.5,328,327.5,327,326.5,329.5,330,330.5,331,331.5
1683248822689291377,328.5,328,327.5,327,326.5,329.5,330,330.5,331,331.5
1683248822720708046,328.5,328,327.5,327,326.5,329.5,330,330.5,331,331.5
1683248822755174691,328.5,328,327.5,327,326.5,329.5,330,330.5,331,331.5
1683248823058661579,328.5,328,327.5,327,326.5,329.5,330,330.5,331,331.5
1683248823575081256,328.5,328,327.5,327,326.5,329.5,330,330.5,331,331.5
1683248829814821169,328.5,328,327.5,327,326.5,329.5,330,330.5,331,331.5
1683248829835036897,328.5,328,327.5,327,326.5,329.5,330,330.5,331,331.5
1683248829835036897,328.5,328,327.5,327,326.5,329.5,330,330.5,331,331.5
1683248829877838943,328.5,328,327.5,327,326.5,329.5,330,330.5,331,331.5
1683248832527045044,328.5,328,327.5,327,326.5,329.5,330,330.5,331,331.5
1683248832994428720,328.5,328,327.5,327,326.5,329.5,330,330.5,331,331.5
1683248833036964587,329,328.5,328,327.5,327,329.5,330,330.5,331,331.5
1683248833069809438,329,328.5,328,327.5,327,329.5,330,330.5,331,331.5
1683248833680424770,329,328.5,328,327.5,327,329.5,330,330.5,331,331.5
1683248833700422128,328.5,328,327.5,327,326.5,329.5,330,330.5,331,331.5
1683248835443415984,328.5,328,327.5,327,326.5,329.5,330,330.5,331,331.5
1683248835478176070,328.5,328,327.5,327,326.5,329.5,330,330.5,331,331.5
1683248837476255594,328.5,328,327.5,327,326.5,329.5,330,330.5,331,331.5
1683248839312201710,328.5,328,327.5,327,326.5,329.5,330,330.5,331,331.5
1683248839967019679,329,328.5,328,327.5,327,329.5,330,330.5,331,331.5
1683248840000369217,329,328.5,328,327.5,327,329.5,330,330.5,331,331.5
1683248840641135973,329,328.5,328,327.5,327,329.5,330,330.5,331,331.5
1683248841247046311,329,328.5,328,327.5,327,329.5,330,330.5,331,331.5
1683248842018122080,329,328.5,328,327.5,327,329.5,330,330.5,331,331.5
1683248842050953585,329,328.5,328,327.5,327,329.5,330,330.5,331,331.5
1683248842556119672,329,328.5,328,327.5,327,329.5,330,330.5,331,331.5
1683248843584346637,329,328.5,328,327.5,327,329.5,330,330.5,331,331.5
1683248853799068913,329,328.5,328,327.5,327,329.5,330,330.5,331,331.5
1683248855158684854,329,328.5,328,327.5,327,329.5,330,330.5,331,331.5
1683248855564321642,329,328.5,328,327.5,327,329.5,330,330.5,331,331.5
1683248855850873562,329,328.5,328,327.5,327,329.5,330,330.5,331,331.5
1683248856305522597,329,328.5,328,327.5,327,329.5,330,330.5,331,331.5
1683248856328059042,329,328.5,328,327.5,327,329.5,330,330.5,331,331.5
1683248856476657425,329,328.5,328,327.5,327,329.5,330,330.5,331,331.5
1683248857030570572,329,328.5,328,327.5,327,329.5,330,330.5,331,331.5
1683248857030570572,329,328.5,328,327.5,327,329.5,330,330.5,331,331.5
1683248857063816205,329,328.5,328,327.5,327,329.5,330,330.5,331,331.5
1683248857183217116,329,328.5,328,327.5,327,329.5,330,330.5,331,331.5
1683248857538555291,329,328.5,328,327.5,327,329.5,330,330.5,331,331.5
1683248859238376384,329,328.5,328,327.5,327,329.5,330,330.5,331,331.5
1683248862796205757,329,328.5,328,327.5,327,329.5,330,330.5,331,331.5
1683248864107517952,329,328.5,328,327.5,327,329.5,330,330.5,331,331.5
1683248864792763973,329,328.5,328,327.5,327,330,330.5,331,331.5,332
1683248864823265164,329,328.5,328,327.5,327,330,330.5,331,331.5,332
1683248866560045693,329.5,329,328.5,328,327.5,330,330.5,331,331.5,332
1683248866570362113,329.5,329,328.5,328,327.5,330,330.5,331,331.5,332
1683248866580460244,329.5,329,328.5,328,327.5,330,330.5,331,331.5,332
1683248866580460244,329.5,329,328.5,328,327.5,330,330.5,331,331.5,332
1683248867615031360,329.5,329,328.5,328,327.5,330,330.5,331,331.5,332
1683248867649463361,329.5,329,328.5,328,327.5,330,330.5,331,331.5,332
1683248869825207503,329.5,329,328.5,328,327.5,330,330.5,331,331.5,332
1683248870125634224,329.5,329,328.5,328,327.5,330,330.5,331,331.5,332
1683248870170595585,329.5,329,328.5,328,327.5,330,330.5,331,331.5,332
1683248870266151234,329.5,329,328.5,328,327.5,330,330.5,331,331.5,332
1683248871089425201,329.5,329,328.5,328,327.5,330,330.5,331,331.5,332
1683248871099488416,329.5,329,328.5,328,327.5,330,330.5,331,331.5,332
1683248873905369485,329.5,329,328.5,328,327.5,330,330.5,331,331.5,332
1683248874468997282,329.5,329,328.5,328,327.5,330,330.5,331,331.5,332
1683248874479288585,329.5,329,328.5,328,327.5,330,330.5,331,331.5,332
1683248874897640137,329.5,329,328.5,328,327.5,330,330.5,331,331.5,332
1683248877138107756,329.5,329,328.5,328,327.5,330,330.5,331,331.5,332
1683248878073958211,329.5,329,328.5,328,327.5,330,330.5,331,331.5,332
1683248878248422721,329.5,329,328.5,328,327.5,330,330.5,331,331.5,332
1683248880309436942,329.5,329,328.5,328,327.5,330,330.5,331,331.5,332
1683248880654544478,329.5,329,328.5,328,327.5,330,330.5,331,331.5,332
1683248881793648409,329.5,329,328.5,328,327.5,330,330.5,331,331.5,332
1683248884416802412,329.5,329,328.5,328,327.5,330,330.5,331,331.5,332
1683248885080385749,329.5,329,328.5,328,327.5,330,330.5,331,331.5,332
1683248886092194386,329.5,329,328.5,328,327.5,330,330.5,331,331.5,332
1683248886698264584,329.5,329,328.5,328,327.5,330,330.5,331,331.5,332
1683248887352549472,329,328.5,328,327.5,327,330,330.5,331,331.5,332
1683248890079865734,329,328.5,328,327.5,327,330,330.5,331,331.5,332
1683248890112304202,329,328.5,328,327.5,327,330,330.5,331,331.5,332
1683248890570103522,329,328.5,328,327.5,327,329.5,330,330.5,331,331.5
1683248890602916813,329,328.5,328,327.5,327,329.5,330,330.5,331,331.5
1683248893093167984,329,328.5,328,327.5,327,329.5,330,330.5,331,331.5
1683248895183162389,329,328.5,328,327.5,327,329.5,330,330.5,331,331.5
1683248895218032833,329,328.5,328,327.5,327,329.5,330,330.5,331,331.5
1683248895218032833,329,328.5,328,327.5,327,329.5,330,330.5,331,331.5
1683248895463886566,329,328.5,328,327.5,327,329.5,330,330.5,331,331.5
1683248895794609262,329,328.5,328,327.5,327,329.5,330,330.5,331,331.5
1683248898625042260,329,328.5,328,327.5,327,329.5,330,330.5,331,331.5
1683248899324641592,329,328.5,328,327.5,327,329.5,330,330.5,331,331.5
1683248901650943025,329,328.5,328,327.5,327,329.5,330,330.5,331,331.5
1683248902245789890,329,328.5,328,327.5,327,329.5,330,330.5,331,331.5
1683248902615493858,329,328.5,328,327.5,327,329.5,330,330.5,331,331.5
1683248903765320983,329,328.5,328,327.5,327,329.5,330,330.5,331,331.5
1683248904711015111,329,328.5,328,327.5,327,329.5,330,330.5,331,331.5
1683248906339966605,329,328.5,328,327.5,327,329.5,330,330.5,331,331.5
1683248907678215708,329,328.5,328,327.5,327,329.5,330,330.5,331,331.5
1683248910778025516,329,328.5,328,327.5,327,329.5,330,330.5,331,331.5
1683248912619317088,329,328.5,328,327.5,327,329.5,330,330.5,331,331.5
1683248913707572023,329,328.5,328,327.5,327,329.5,330,330.5,331,331.5
1683248914089500144,329,328.5,328,327.5,327,329.5,330,330.5,331,331.5
1683248917870179266,329,328.5,328,327.5,327,329.5,330,330.5,331,331.5
1683248917890729061,329,328.5,328,327.5,327,329.5,330,330.5,331,331.5
1683248917911016714,329,328.5,328,327.5,327,329.5,330,330.5,331,331.5
1683248918489916556,329,328.5,328,327.5,327,329.5,330,330.5,331,331.5
1683248920704873324,329,328.5,328,327.5,327,329.5,330,330.5,331,331.5
1683248923969159739,329,328.5,328,327.5,327,329.5,330,330.5,331,331.5
1683248924937811723,329,328.5,328,327.5,327,329.5,330,330.5,331,331.5
1683248924973462322,329,328.5,328,327.5,327,330,330.5,331,331.5,332
1683248924973462322,329.5,329,328.5,328,327.5,330,330.5,331,331.5,332
1683248925004598344,329.5,329,328.5,328,327.5,330,330.5,331,331.5,332
1683248925004598344,329.5,329,328.5,328,327.5,330,330.5,331,331.5,332
1683248925004598344,329.5,329,328.5,328,327.5,330,330.5,331,331.5,332
1683248925004598344,329.5,329,328.5,328,327.5,330,330.5,331,331.5,332
1683248930727802737,329.5,329,328.5,328,327.5,330,330.5,331,331.5,332
1683248930737915785,329.5,329,328.5,328,327.5,330,330.5,331,331.5,332
1683248930816880752,329.5,329,328.5,328,327.5,330,330.5,331,331.5,332
1683248932460426470,329.5,329,328.5,328,327.5,330,330.5,331,331.5,332
1683248932743702118,329.5,329,328.5,328,327.5,330,330.5,331,331.5,332
1683248936754453280,329.5,329,328.5,328,327.5,330,330.5,331,331.5,332
1683248939890588323,329.5,329,328.5,328,327.5,330,330.5,331,331.5,332
1683248942411598798,329.5,329,328.5,328,327.5,330,330.5,331,331.5,332
1683248942489530836,329.5,329,328.5,328,327.5,330,330.5,331,331.5,332
1683248942524423071,329.5,329,328.5,328,327.5,330,330.5,331,331.5,332
1683248942806857409,329.5,329,328.5,328,327.5,330,330.5,331,331.5,332
1683248943462181979,329.5,329,328.5,328,327.5,330,330.5,331,331.5,332
1683248946267989939,329.5,329,328.5,328,327.5,330,330.5,331,331.5,332
1683248946395197227,329.5,329,328.5,328,327.5,330,330.5,331,331.5,332
1683248946595648692,329.5,329,328.5,328,327.5,330,330.5,331,331.5,332
1683248950218225494,329.5,329,328.5,328,327.5,330,330.5,331,331.5,332
1683248951096265612,329.5,329,328.5,328,327.5,330,330.5,331,331.5,332
1683248951129200672,329.5,329,328.5,328,327.5,330,330.5,331,331.5,332
1683248951160797680,329.5,329,328.5,328,327.5,330.5,331,331.5,332,332.5
1683248951160944586,330,329.5,329,328.5,328,330.5,331,331.5,332,332.5
1683248951160944586,330,329.5,329,328.5,328,330.5,331,331.5,332,332.5
1683248951160944586,330,329.5,329,328.5,328,330.5,331,331.5,332,332.5
1683248951160944586,330,329.5,329,328.5,328,330.5,331,331.5,332,332.5
1683248951160944586,330,329.5,329,328.5,328,330.5,331,331.5,332,332.5
1683248951161010129,330,329.5,329,328.5,328,330.5,331,331.5,332,332.5
1683248951161010129,330,329.5,329,328.5,328,330.5,331,331.5,332,332.5
1683248951191558577,330,329.5,329,328.5,328,330.5,331,331.5,332,332.5
1683248951191558577,330,329.5,329,328.5,328,330.5,331,331.5,332,332.5
1683248951191558577,330,329.5,329,328.5,328,330.5,331,331.5,332,332.5
1683248951191583534,330,329.5,329,328.5,328,330.5,331,331.5,332,332.5
1683248951212410279,330,329.5,329,328.5,328,330.5,331,331.5,332,332.5
1683248951224329469,330,329.5,329,328.5,328,331,331.5,332,332.5,333
1683248951224329469,330.5,330,329.5,329,328.5,331,331.5,332,332.5,333
1683248951254916781,330.5,330,329.5,329,328.5,331,331.5,332,332.5,333
1683248951254916781,330.5,330,329.5,329,328.5,331,331.5,332,332.5,333
1683248951420209210,330.5,330,329.5,329,328.5,331,331.5,332,332.5,333
1683248953378532413,330.5,330,329.5,329,328.5,331,331.5,332,332.5,333
1683248953986494464,330.5,330,329.5,329,328.5,331,331.5,332,332.5,333
1683248956100539506,330.5,330,329.5,329,328.5,331,331.5,332,332.5,333
1683248956428251499,330.5,330,329.5,329,328.5,331,331.5,332,332.5,333
1683248956590014370,330,329.5,329,328.5,328,331,331.5,332,332.5,333
1683248956631056613,330,329.5,329,328.5,328,331,331.5,332,332.5,333
1683248956643272630,330,329.5,329,328.5,328,331,331.5,332,332.5,333
1683248956663774665,330,329.5,329,328.5,328,331,331.5,332,332.5,333
1683248956663774665,330,329.5,329,328.5,328,331,331.5,332,332.5,333
1683248956787763962,330.5,330,329.5,329,328.5,331,331.5,332,332.5,333
1683248956828649009,330.5,330,329.5,329,328.5,331,331.5,332,332.5,333
1683248957217882837,330.5,330,329.5,329,328.5,331,331.5,332,332.5,333
1683248957349933721,330.5,330,329.5,329,328.5,331,331.5,332,332.5,333
1683248958139382787,330.5,330,329.5,329,328.5,331,331.5,332,332.5,333
1683248958706885429,330.5,330,329.5,329,328.5,331,331.5,332,332.5,333
1683248958983563349,330.5,330,329.5,329,328.5,331,331.5,332,332.5,333
1683248959935170528,0,0,0,0,0,0,0,0,0,0
1683248959935170528,330,329.5,329,328.5,328,331,331.5,332,332.5,333
1683248959968325411,330,329.5,329,328.5,328,331,331.5,332,332.5,333
1683248959968325411,330,329.5,329,328.5,328,331,331.5,332,332.5,333
1683248960001192684,330,329.5,329,328.5,328,331,331.5,332,332.5,333
1683248960011374291,330,329.5,329,328.5,328,331,331.5,332,332.5,333
1683248960186304907,330.5,330,329.5,329,328.5,331,331.5,332,332.5,333
1683248960221380276,330.5,330,329.5,329,328.5,331,331.5,332,332.5,333
1683248960221432514,330.5,330,329.5,329,328.5,331,331.5,332,332.5,333
1683248961926186086,330.5,330,329.5,329,328.5,331,331.5,332,332.5,333
1683248961958373563,330.5,330,329.5,329,328.5,331,331.5,332,332.5,333
1683248961958373563,330.5,330,329.5,329,328.5,331,331.5,332,332.5,333
1683248962361606426,330.5,330,329.5,329,328.5,331,331.5,332,332.5,333
1683248962604290909,330.5,330,329.5,329,328.5,331,331.5,332,332.5,333
1683248962949202106,330.5,330,329.5,329,328.5,331,331.5,332,332.5,333
1683248962982386123,330,329.5,329,328.5,328,331,331.5,332,332.5,333
1683248963031249511,330,329.5,329,328.5,328,331,331.5,332,332.5,333
1683248963062145602,330,329.5,329,328.5,328,331,331.5,332,332.5,333
1683248963228740657,330,329.5,329,328.5,328,331,331.5,332,332.5,333
1683248963750976474,330,329.5,329,328.5,328,331,331.5,332,332.5,333
1683248963923046218,330,329.5,329,328.5,328,331,331.5,332,332.5,333
1683248965426558413,330,329.5,329,328.5,328,331,331.5,332,332.5,333
1683248965752924149,330,329.5,329,328.5,328,331,331.5,332,332.5,333
1683248966022461381,330,329.5,329,328.5,328,331,331.5,332,332.5,333
1683248966167608734,330,329.5,329,328.5,328,331,331.5,332,332.5,333
1683248968590331961,330,329.5,329,328.5,328,331,331.5,332,332.5,333
1683248969060421297,330,329.5,329,328.5,328,331,331.5,332,332.5,333
1683248969073473945,330,329.5,329,328.5,328,331,331.5,332,332.5,333
1683248969080898195,330,329.5,329,328.5,328,331,331.5,332,332.5,333
1683248969080898195,330,329.5,329,328.5,328,331,331.5,332,332.5,333
1683248969945536689,330,329.5,329,328.5,328,331,331.5,332,332.5,333
1683248971053206187,330,329.5,329,328.5,328,331,331.5,332,332.5,333
1683248971528318313,330,329.5,329,328.5,328,331,331.5,332,332.5,333
1683248971591883014,330,329.5,329,328.5,328,331,331.5,332,332.5,333
1683248971781227724,330,329.5,329,328.5,328,331,331.5,332,332.5,333
1683248973240318532,330,329.5,329,328.5,328,331,331.5,332,332.5,333
1683248973482100160,330,329.5,329,328.5,328,331,331.5,332,332.5,333
1683248973492340808,330,329.5,329,328.5,328,331,331.5,332,332.5,333
1683248973504875493,330,329.5,329,328.5,328,331,331.5,332,332.5,333
1683248973582427037,330,329.5,329,328.5,328,331,331.5,332,332.5,333
1683248973879614075,330.5,330,329.5,329,328.5,331,331.5,332,332.5,333
1683248973911174704,330.5,330,329.5,329,328.5,331,331.5,332,332.5,333
1683248974165375150,330.5,330,329.5,329,328.5,331,331.5,332,332.5,333
1683248974185640961,330.5,330,329.5,329,328.5,331,331.5,332,332.5,333
1683248975188155456,330.5,330,329.5,329,328.5,331,331.5,332,332.5,333
1683248975974565416,330.5,330,329.5,329,328.5,331,331.5,332,332.5,333
1683248977069227040,330.5,330,329.5,329,328.5,331,331.5,332,332.5,333
1683248977338628817,330.5,330,329.5,329,328.5,331,331.5,332,332.5,333
1683248978021735191,330.5,330,329.5,329,328.5,331,331.5,332,332.5,333
1683248978052303607,330.5,330,329.5,329,328.5,331,331.5,332,332.5,333
1683248978085335970,330,329.5,329,328.5,328,331,331.5,332,332.5,333
1683248978284137687,330.5,330,329.5,329,328.5,331,331.5,332,332.5,333
1683248978331061963,330.5,330,329.5,329,328.5,331,331.5,332,332.5,333
1683248978655406533,330.5,330,329.5,329,328.5,331,331.5,332,332.5,333
1683248979692998150,330.5,330,329.5,329,328.5,331,331.5,332,332.5,333
1683248979876000131,330.5,330,329.5,329,328.5,331,331.5,332,332.5,333
1683248980163828938,330.5,330,329.5,329,328.5,331,331.5,332,332.5,333
1683248981417229826,330.5,330,329.5,329,328.5,331,331.5,332,332.5,333
1683248982009034778,330.5,330,329.5,329,328.5,331,331.5,332,332.5,333
1683248982673677995,330.5,330,329.5,329,328.5,331,331.5,332,332.5,333
1683248983117064502,330.5,330,329.5,329,328.5,331,331.5,332,332.5,333
1683248983137490294,330.5,330,329.5,329,328.5,331,331.5,332,332.5,333
1683248983537934762,330.5,330,329.5,329,328.5,331,331.5,332,332.5,333
1683248983568727109,330.5,330,329.5,329,328.5,331,331.5,332,332.5,333
1683248984338791408,330.5,330,329.5,329,328.5,331,331.5,332,332.5,333
1683248984623437749,330.5,330,329.5,329,328.5,331,331.5,332,332.5,333
1683248985131339533,330.5,330,329.5,329,328.5,331,331.5,332,332.5,333
1683248986232103825,330.5,330,329.5,329,328.5,331,331.5,332,332.5,333
1683248986277150526,330.5,330,329.5,329,328.5,331,331.5,332,332.5,333
1683248986311033425,330,329.5,329,328.5,328,331,331.5,332,332.5,333
1683248986353882440,330,329.5,329,328.5,328,331,331.5,332,332.5,333
1683248986388733448,330,329.5,329,328.5,328,331,331.5,332,332.5,333
1683248986538498692,330,329.5,329,328.5,328,331,331.5,332,332.5,333
1683248986589444379,330,329.5,329,328.5,328,331,331.5,332,332.5,333
1683248987311757819,330,329.5,329,328.5,328,331,331.5,332,332.5,333
1683248988229166396,330,329.5,329,328.5,328,331,331.5,332,332.5,333
1683248988544623389,330.5,330,329.5,329,328.5,331,331.5,332,332.5,333
1683248988577194906,330.5,330,329.5,329,328.5,331,331.5,332,332.5,333
1683248988721042199,330.5,330,329.5,329,328.5,331,331.5,332,332.5,333
1683248989645152008,330.5,330,329.5,329,328.5,331,331.5,332,332.5,333
1683248989809432116,330.5,330,329.5,329,328.5,331,331.5,332,332.5,333
1683248989987341294,330.5,330,329.5,329,328.5,331,331.5,332,332.5,333
1683248990097788974,330.5,330,329.5,329,328.5,331,331.5,332,332.5,333
1683248991634122326,330.5,330,329.5,329,328.5,331,331.5,332,332.5,333
1683248991699494370,330.5,330,329.5,329,328.5,331,331.5,332,332.5,333
1683248993541468242,330.5,330,329.5,329,328.5,331,331.5,332,332.5,333
1683248993584592554,330.5,330,329.5,329,328.5,331,331.5,332,332.5,333
1683248993962234807,330.5,330,329.5,329,328.5,331,331.5,332,332.5,333
1683248995666917857,330.5,330,329.5,329,328.5,331,331.5,332,332.5,333
1683248995804527718,330.5,330,329.5,329,328.5,331,331.5,332,332.5,333
1683248996289578416,330.5,330,329.5,329,328.5,331,331.5,332,332.5,333
1683248997691765188,330.5,330,329.5,329,328.5,331,331.5,332,332.5,333
1683248998035847329,330.5,330,329.5,329,328.5,331,331.5,332,332.5,333
1683248998158721642,330.5,330,329.5,329,328.5,331,331.5,332,332.5,333
1683248998277573993,330.5,330,329.5,329,328.5,331,331.5,332,332.5,333
1683248998714778913,330.5,330,329.5,329,328.5,331,331.5,332,332.5,333
1683248998811131358,330.5,330,329.5,329,328.5,331,331.5,332,332.5,333
1683248998894519711,330.5,330,329.5,329,328.5,331,331.5,332,332.5,333
1683248998894580344,330.5,330,329.5,329,328.5,331,331.5,332,332.5,333
1683248999107015710,330.5,330,329.5,329,328.5,331,331.5,332,332.5,333
1683248999497037007,330.5,330,329.5,329,328.5,331,331.5,332,332.5,333
1683249001643473228,330.5,330,329.5,329,328.5,331,331.5,332,332.5,333
1683249001666035541,330.5,330,329.5,329,328.5,331,331.5,332,332.5,333
1683249002046901758,330.5,330,329.5,329,328.5,331,331.5,332,332.5,333
1683249002046901758,330.5,330,329.5,329,328.5,331,331.5,332,332.5,333
1683249002046978382,330.5,330,329.5,329,328.5,331,331.5,332,332.5,333
1683249002966641963,330.5,330,329.5,329,328.5,331,331.5,332,332.5,333
1683249003222570984,330.5,330,329.5,329,328.5,331,331.5,332,332.5,333
1683249003232762430,330.5,330,329.5,329,328.5,331,331.5,332,332.5,333
1683249005102572438,330.5,330,329.5,329,328.5,331,331.5,332,332.5,333
1683249005495809873,330.5,330,329.5,329,328.5,331,331.5,332,332.5,333
1683249005641513171,330.5,330,329.5,329,328.5,331,331.5,332,332.5,333
1683249005870171147,330.5,330,329.5,329,328.5,331,331.5,332,332.5,333
1683249006944153031,330.5,330,329.5,329,328.5,331,331.5,332,332.5,333
1683249008018932312,330.5,330,329.5,329,328.5,331,331.5,332,332.5,333
1683249008879287284,330,329.5,329,328.5,328,331,331.5,332,332.5,333
1683249008911922841,330,329.5,329,328.5,328,331,331.5,332,332.5,333
1683249008911922841,330,329.5,329,328.5,328,331,331.5,332,332.5,333
1683249008946041854,330,329.5,329,328.5,328,331,331.5,332,332.5,333
1683249009172003497,330,329.5,329,328.5,328,331,331.5,332,332.5,333
1683249010248264511,330.5,330,329.5,329,328.5,331,331.5,332,332.5,333
1683249010270785056,330.5,330,329.5,329,328.5,331,331.5,332,332.5,333
1683249010270856781,330,329.5,329,328.5,328,331,331.5,332,332.5,333
1683249010301443792,330,329.5,329,328.5,328,331,331.5,332,332.5,333
1683249010332203107,330,329.5,329,328.5,328,331,331.5,332,332.5,333
1683249011315283752,330,329.5,329,328.5,328,331,331.5,332,332.5,333
1683249011518063478,330,329.5,329,328.5,328,331,331.5,332,332.5,333
1683249011718696243,330,329.5,329,328.5,328,331,331.5,332,332.5,333
1683249012231989800,330,329.5,329,328.5,328,331,331.5,332,332.5,333
1683249012637804982,329.5,329,328.5,328,327.5,331,331.5,332,332.5,333
1683249012637804982,329.5,329,328.5,328,327.5,330.5,331,331.5,332,332.5
1683249012637985631,329.5,329,328.5,328,327.5,330.5,331,331.5,332,332.5
1683249012667962967,329.5,329,328.5,328,327.5,330.5,331,331.5,332,332.5
1683249012667962967,329.5,329,328.5,328,327.5,330.5,331,331.5,332,332.5
1683249012678260923,329.5,329,328.5,328,327.5,330.5,331,331.5,332,332.5
1683249012678260923,329.5,329,328.5,328,327.5,330.5,331,331.5,332,332.5
1683249012699272275,329.5,329,328.5,328,327.5,330.5,331,331.5,332,332.5
1683249012699334361,329.5,329,328.5,328,327.5,330.5,331,331.5,332,332.5
1683249013337970476,329.5,329,328.5,328,327.5,330.5,331,331.5,332,332.5
1683249013368370586,329.5,329,328.5,328,327.5,330.5,331,331.5,332,332.5
1683249013526075368,329.5,329,328.5,328,327.5,330.5,331,331.5,332,332.5
1683249013526075368,329.5,329,328.5,328,327.5,330.5,331,331.5,332,332.5
1683249013558833746,329.5,329,328.5,328,327.5,330.5,331,331.5,332,332.5
1683249013558887507,329.5,329,328.5,328,327.5,330.5,331,331.5,332,332.5
1683249015576459427,329.5,329,328.5,328,327.5,330.5,331,331.5,332,332.5
