Timestamp,BidPrice0,BidPrice1,BidPrice2,BidPrice3,BidPrice4,AskPrice0,AskPrice1,AskPrice2,AskPrice3,AskPrice4
1684794608752795956,0,0,0,0,0,0,0,0,0,0
1684801828970789428,318,317,313.5,313,312,321.5,323,324,325,326
1684801833982355271,317,313.5,313,312,311,318,320,321,321.5,322
1684801839004067266,317,313.5,313,312,311,318,320,321,321.5,322
1684801844005441933,317,313.5,313,312.5,312,318,320,321,321.5,322
1684801849022972627,317,313.5,313,312.5,312,318,320,321,321.5,322
1684801854046789907,317,316,313.5,313,312.5,318,320,321,321.5,322
1684801869101755340,317,316,313.5,313,312.5,318,320,321,321.5,322
1684801874094865199,317,316,315,313.5,313,318,320,321,321.5,322
1684801879122758434,317,316,315,314.5,313.5,318,320,321,321.5,322
1684801889145839554,317,316,315,314.5,313.5,318,320,321,321.5,322
1684801894157322665,317,316,315,314.5,313.5,318,320,321,321.5,322
1684801899191336163,317,316,315,314.5,313.5,318,319.5,320,321,321.5
1684801909208230888,317,316,315,314.5,313.5,318,319.5,320,321,321.5
1684801934290497085,318,317,316,315,314.5,319.5,320,321,321.5,322
1684801939293708329,318,317,316,315.5,315,319.5,320,321,321.5,322
1684801944303207741,317,316,315.5,315,314.5,318,319.5,320,320.5,321
1684801949333132417,317,316,315.5,315,314.5,318,319.5,320,320.5,321
1684801954356914359,318,317,316,315.5,315,319.5,320,320.5,321,321.5
1684801989457850818,318,317,316,315.5,315,319.5,320,320.5,321,321.5
1684802009524368216,318,317,316,315.5,315,319.5,320,320.5,321,321.5
1684802024573337156,318,317,316,315.5,315,319.5,320,320.5,321,321.5
1684802069724095130,318,317,316,315.5,315,319.5,320,320.5,321,321.5
1684802074741617783,318,317,316,315.5,315,319.5,320,320.5,321,321.5
1684802119876040623,318,317,316,315.5,315,319.5,320,320.5,321,321.5
1684802134910423993,318,317,316,315.5,315,319,319.5,320,320.5,321
1684802310463984578,318,317,316,315.5,315,319,319.5,320,320.5,321
1684802325508814805,318,317,316,315.5,315,319,319.5,320,320.5,321
1684802365635811201,318,317,316,315.5,315,319,319.5,320,320.5,321
1684802411185844136,318,317,316,315.5,315,319,319.5,320,320.5,321
1684802481801605270,318,317,316,315.5,315,319,319.5,320,320.5,321
1684802531967898918,318,317,316,315.5,315,319,319.5,320,320.5,321
1684802572090670248,318,317,316,315.5,315,319,319.5,320,320.5,321
1684802642298960724,318,317,316,315.5,315,319,319.5,320,320.5,321
1684802657335390748,318,317,316,315.5,315,319,319.5,320,320.5,321
1684802662340928927,318.5,318,317,316,315.5,319,319.5,320,320.5,321
1684802682425918461,318.5,318,317,316,315.5,319,319.5,320,320.5,321
1684802692438707261,318.5,318,317,316,315.5,319,319.5,320,320.5,321
1684802737583122905,318.5,318,317,316,315.5,319,319.5,320,320.5,321
1684802742598825137,318.5,318,317,316,315.5,319,319.5,320,320.5,321
1684802747614436931,318.5,318,317,316,315.5,319,319.5,320,320.5,321
1684802797788961562,318.5,318,316,315.5,315,319,319.5,320,320.5,321
1684802822854700394,318.5,318,316,315.5,315,319,319.5,320,320.5,321
1684802842921199217,318.5,318,316,315.5,315,319.5,320,320.5,321,321.5
1684802847938912165,318.5,318,316,315.5,315,319,319.5,320,320.5,321
1684802888065763687,318.5,318,316,315.5,315,319.5,320,320.5,321,321.5
1684802958292473872,318.5,318,316,315.5,315,319.5,320,320.5,321,321.5
1684802968333865925,318.5,318,316,315.5,315,319,319.5,320,320.5,321
1684803003652073025,318.5,318,316,315.5,315,319.5,320,320.5,321,321.5
1684803049585164719,319,318.5,318,316,315.5,319.5,320,320.5,321,321.5
1684803069654674587,319,318,316,315.5,315,319.5,320,320.5,321,321.5
1684803104761893876,319,318,316,315.5,315,319.5,320,320.5,321,321.5
1684803139885407690,319,318,316,315.5,315,319.5,320,320.5,321,321.5
1684803154930249551,319,318,316,315.5,315,319.5,320,320.5,321,321.5
1684803200076708096,319,318,316,315.5,315,319.5,320,320.5,321,321.5
1684803210102067406,319,318,316,315.5,315,319.5,320,320.5,321,321.5
1684803225156850122,319,318,316,315.5,315,319.5,320,320.5,321,321.5
1684803245211183718,319,318,316,315.5,315,320,320.5,321,321.5,322
1684803305422942746,319,318,316,315.5,315,319.5,320,320.5,321,321.5
1684803325475041788,319,318,316,315.5,315,319.5,320,320.5,321,321.5
1684803335510302679,319,318,316,315.5,315,319.5,320,320.5,321,321.5
1684803355568737202,319,318,316,315.5,315,319.5,320,320.5,321,321.5
1684803370634050133,319,318,316.5,316,315.5,319.5,320,320.5,321,321.5
1684803375655746566,319,318,317,316.5,316,319.5,320,320.5,321,321.5
1684803380659110123,319,318,317,316.5,316,319.5,320,320.5,321,321.5
1684803390690258655,319,318,317,316.5,316,319.5,320,320.5,321,321.5
1684803395695605945,319,318,317,316.5,316,319.5,320,320.5,321,321.5
1684803415774428707,319,318,317,316.5,316,319.5,320,320.5,321,321.5
1684803430815209581,319,318,317,316.5,316,319.5,320,320.5,321,321.5
1684803455897288637,319,318,317,316.5,316,319.5,320,320.5,321,321.5
1684803460921171501,319,318,317,316.5,316,319.5,320,320.5,321,321.5
1684803465936874050,319,318,317,316.5,316,319.5,320,320.5,321,321.5
1684803480969127707,319,318,317,316.5,316,319.5,320,320.5,321,321.5
1684803485982649382,319,318,317,316.5,316,319.5,320,320.5,321,321.5
1684803491004418424,319,318,317,316.5,316,319.5,320,320.5,321,321.5
1684803496017990049,319,318,317,316.5,316,319.5,320,320.5,321,321.5
1684803506063603852,319,318,317,316.5,316,319.5,320,320.5,321,321.5
1684803521122633883,319,318,317,316.5,316,319.5,320,320.5,321,321.5
1684803526117784701,319,318,317,316.5,316,319.5,320,320.5,321,321.5
1684803541174808667,319,318,317,316.5,316,319.5,320,320.5,321,321.5
1684803546192452814,319,318,317,316.5,316,319.5,320,320.5,321,321.5
1684803551197823872,319,318,317,316.5,316,319.5,320,320.5,321,321.5
1684803556211400398,319,318,317,316.5,316,319.5,320,320.5,321,321.5
1684803571252055632,319,318,317,316.5,316,319.5,320,320.5,321,321.5
1684803576277946698,319,318,317,316.5,316,319.5,320,320.5,321,321.5
1684803581283264502,319,318,317,316.5,316,319.5,320,320.5,321,321.5
1684803608785935124,319,318,317,316.5,316,319.5,320,320.5,321,321.5
1684803608862021138,319,318,317,316.5,316,319.5,320,320.5,321,321.5
1684803608892713931,319,318.5,318,317,316.5,319.5,320,320.5,321,321.5
1684803610837632245,319,318.5,318,317,316.5,319.5,320,320.5,321,321.5
1684803612830315604,319,318.5,318,317,316.5,319.5,320,320.5,321,321.5
1684803614979485111,319,318.5,318,317,316.5,319.5,320,320.5,321,321.5
1684803615082429199,319,318.5,318,317,316.5,319.5,320,320.5,321,321.5
1684803615115818214,318.5,318,317,316.5,316,319.5,320,320.5,321,321.5
1684803616583020251,318.5,318,317,316.5,316,319.5,320,320.5,321,321.5
1684803620418058784,318.5,318,317,316.5,316,319.5,320,320.5,321,321.5
1684803620882091914,318.5,318,317,316.5,316,319,319.5,320,320.5,321
1684803620957657000,318.5,318,317,316.5,316,319,319.5,320,320.5,321
1684803621549488710,318.5,318,317,316.5,316,319,319.5,320,320.5,321
1684803621671656238,318.5,318,317,316.5,316,319,319.5,320,320.5,321
1684803621716369824,318.5,318,317,316.5,316,319,319.5,320,320.5,321
1684803622472946758,318.5,318,317,316.5,316,319,319.5,320,320.5,321
1684803623229738215,318.5,318,317,316.5,316,319,319.5,320,320.5,321
1684803623291367558,318,317,316.5,316,315.5,319,319.5,320,320.5,321
1684803623343722610,318,317,316.5,316,315.5,319,319.5,320,320.5,321
1684803624281809322,318.5,318,317,316.5,316,319,319.5,320,320.5,321
1684803625336817875,318.5,318,317,316.5,316,319,319.5,320,320.5,321
1684803625618213519,318.5,318,317,316.5,316,319.5,320,320.5,321,321.5
1684803625632813389,318.5,318,317,316.5,316,319.5,320,320.5,321,321.5
1684803628447452037,319,318.5,318,317,316.5,319.5,320,320.5,321,321.5
1684803628479371584,318.5,318,317,316.5,316,319.5,320,320.5,321,321.5
1684803628906166202,318.5,318,317,316.5,316,319.5,320,320.5,321,321.5
1684803628916327619,318.5,318,317,316.5,316,319.5,320,320.5,321,321.5
1684803629192534833,318.5,318,317,316.5,316,319.5,320,320.5,321,321.5
1684803631545027775,318.5,318,317,316.5,316,319.5,320,320.5,321,321.5
1684803632272404349,318.5,318,317,316.5,316,319.5,320,320.5,321,321.5
1684803633568242488,318.5,318,317,316.5,316,319.5,320,320.5,321,321.5
1684803634541267224,318.5,318,317,316.5,316,319.5,320,320.5,321,321.5
1684803635175408868,318.5,318,317,316.5,316,319.5,320,320.5,321,321.5
1684803635240590030,318.5,318,317,316.5,316,319.5,320,320.5,321,321.5
1684803635338790633,318.5,318,317,316.5,316,319.5,320,320.5,321,321.5
1684803635500952086,318.5,318,317,316.5,316,319.5,320,320.5,321,321.5
1684803636114105717,318.5,318,317,316.5,316,319.5,320,320.5,321,321.5
1684803637282425753,318.5,318,317,316.5,316,319.5,320,320.5,321,321.5
1684803637702789177,318.5,318,317,316.5,316,319.5,320,320.5,321,321.5
1684803638604473058,318.5,318,317,316.5,316,319,319.5,320,320.5,321
1684803639285771955,318.5,318,317,316.5,316,319,319.5,320,320.5,321
1684803639326882697,318.5,318,317,316.5,316,319,319.5,320,320.5,321
1684803639754378893,318.5,318,317,316.5,316,319,319.5,320,320.5,321
1684803640582432780,318.5,318,317,316.5,316,319.5,320,320.5,321,321.5
1684803640605239628,318.5,318,317,316.5,316,319.5,320,320.5,321,321.5
1684803640614649284,318.5,318,317,316.5,316,319.5,320,320.5,321,321.5
1684803640614649284,318.5,318,317,316.5,316,319.5,320,320.5,321,321.5
1684803640866549954,318.5,318,317,316.5,316,319,319.5,320,320.5,321
1684803640897672635,318.5,318,317,316.5,316,319,319.5,320,320.5,321
1684803640919804475,318.5,318,317,316.5,316,319,319.5,320,320.5,321
1684803641572026203,318.5,318,317,316.5,316,319,319.5,320,320.5,321
1684803641596285247,318.5,318,317,316.5,316,319,319.5,320,320.5,321
1684803642468214567,318.5,318,317,316.5,316,319,319.5,320,320.5,321
1684803642562458892,318.5,318,317,316.5,316,319.5,320,320.5,321,321.5
1684803642582837481,318.5,318,317,316.5,316,319.5,320,320.5,321,321.5
1684803642613706835,318.5,318,317,316.5,316,319.5,320,320.5,321,321.5
1684803642613706835,318.5,318,317,316.5,316,319.5,320,320.5,321,321.5
1684803645386628919,318.5,318,317,316.5,316,319.5,320,320.5,321,321.5
1684803648704444964,318.5,318,317,316.5,316,319.5,320,320.5,321,321.5
1684803650856769122,318.5,318,317,316.5,316,319,319.5,320,320.5,321
1684803650887618850,318.5,318,317,316.5,316,319,319.5,320,320.5,321
1684803650919457334,318.5,318,317,316.5,316,319,319.5,320,320.5,321
1684803651658480865,318.5,318,317,316.5,316,319,319.5,320,320.5,321
1684803651670795665,318.5,318,317,316.5,316,319,319.5,320,320.5,321
1684803654243195228,318.5,318,317,316.5,316,319,319.5,320,320.5,321
1684803657960282793,318.5,318,317,316.5,316,319,319.5,320,320.5,321
1684803658023792798,318.5,318,317,316.5,316,319,319.5,320,320.5,321
1684803658618642476,318.5,318,317,316.5,316,319.5,320,320.5,321,321.5
1684803658649636504,318.5,318,317,316.5,316,319.5,320,320.5,321,321.5
1684803658680851979,318.5,318,317,316.5,316,319.5,320,320.5,321,321.5
1684803659192369648,319,318.5,318,317,316.5,319.5,320,320.5,321,321.5
1684803659226128448,319,318.5,318,317,316.5,319.5,320,320.5,321,321.5
1684803659256104124,319,318.5,318,317,316.5,319.5,320,320.5,321,321.5
1684803660909433736,319,318.5,318,317,316.5,319.5,320,320.5,321,321.5
1684803663322869751,319,318.5,318,317,316.5,319.5,320,320.5,321,321.5
1684803663355861030,318.5,318,317,316.5,316,319.5,320,320.5,321,321.5
1684803663355996804,318.5,318,317,316.5,316,319,319.5,320,320.5,321
1684803663389267387,318.5,318,317,316.5,316,319,319.5,320,320.5,321
1684803663389267387,318,317,316.5,316,315.5,319,319.5,320,320.5,321
1684803663423828633,318,317,316.5,316,315.5,319,319.5,320,320.5,321
1684803663423828633,318,317,316.5,316,315.5,319,319.5,320,320.5,321
1684803663423900017,318,317,316.5,316,315.5,319,319.5,320,320.5,321
1684803663456200218,318,317,316.5,316,315.5,319,319.5,320,320.5,321
1684803665349426004,318,317,316.5,316,315.5,319,319.5,320,320.5,321
1684803666992057382,318,317,316.5,316,315.5,319,319.5,320,320.5,321
1684803667027079794,318,317,316.5,316,315.5,319,319.5,320,320.5,321
1684803669326761837,318,317,316.5,316,315.5,319,319.5,320,320.5,321
1684803669530074950,318,317,316.5,316,315.5,319,319.5,320,320.5,321
1684803674650070740,318,317,316.5,316,315.5,319,319.5,320,320.5,321
1684803674684710353,318,317,316.5,316,315.5,319,319.5,320,320.5,321
1684803674717333761,318,317,316.5,316,315.5,319,319.5,320,320.5,321
1684803674717333761,317,316.5,316,315.5,315,319,319.5,320,320.5,321
1684803674752173379,317,316.5,316,315.5,315,319,319.5,320,320.5,321
1684803674763620881,317,316.5,316,315.5,315,319,319.5,320,320.5,321
1684803674784867159,317,316.5,316,315.5,315,319,319.5,320,320.5,321
1684803675163661833,317,316.5,316,315.5,315,319,319.5,320,320.5,321
1684803675796582327,317,316.5,316,315.5,315,319,319.5,320,320.5,321
1684803675831308062,317,316.5,316,315.5,315,319,319.5,320,320.5,321
1684803678569012327,317,316.5,316,315.5,315,319,319.5,320,320.5,321
1684803678609905901,317,316.5,316,315.5,315,319,319.5,320,320.5,321
1684803678681166146,317,316.5,316,315.5,315,319,319.5,320,320.5,321
1684803681571069463,317,316.5,316,315.5,315,318.5,319,319.5,320,320.5
1684803681603802466,317,316.5,316,315.5,315,318.5,319,319.5,320,320.5
1684803681615664476,317,316.5,316,315.5,315,318.5,319,319.5,320,320.5
1684803681636613516,317,316.5,316,315.5,315,318.5,319,319.5,320,320.5
1684803681678658552,317,316.5,316,315.5,315,318.5,319,319.5,320,320.5
1684803681722595590,317,316.5,316,315.5,315,318.5,319,319.5,320,320.5
1684803682768960781,316.5,316,315.5,315,314.5,318.5,319,319.5,320,320.5
1684803682802771548,316.5,316,315.5,315,314.5,318.5,319,319.5,320,320.5
1684803682802771548,316.5,316,315.5,315,314.5,318,318.5,319,319.5,320
1684803682835745865,316.5,316,315.5,315,314.5,318,318.5,319,319.5,320
1684803682835745865,316.5,316,315.5,315,314.5,318,318.5,319,319.5,320
1684803682835868164,316.5,316,315.5,315,314.5,318.5,319,319.5,320,320.5
1684803682835868164,316.5,316,315.5,315,314.5,318.5,319,319.5,320,320.5
1684803682835868164,316.5,316,315.5,315,314.5,318.5,319,319.5,320,320.5
1684803682871682412,316.5,316,315.5,315,314.5,318.5,319,319.5,320,320.5
1684803682871682412,316.5,316,315.5,315,314.5,318.5,319,319.5,320,320.5
1684803682871751272,316.5,316,315.5,315,314.5,318.5,319,319.5,320,320.5
1684803682913337636,316.5,316,315.5,315,314.5,318.5,319,319.5,320,320.5
1684803688381752792,316.5,316,315.5,315,314.5,318.5,319,319.5,320,320.5
1684803692232288137,316.5,316,315.5,315,314.5,317,318.5,319,319.5,320
1684803692260697102,316.5,316,315.5,315,314.5,317,318.5,319,319.5,320
1684803692260697102,316.5,316,315.5,315,314.5,318.5,319,319.5,320,320.5
1684803692291325555,316.5,316,315.5,315,314.5,318.5,319,319.5,320,320.5
1684803692291351093,316.5,316,315.5,315,314.5,318.5,319,319.5,320,320.5
1684803692303474954,316.5,316,315.5,315,314.5,317,318.5,319,319.5,320
1684803692324216996,316.5,316,315.5,315,314.5,317,318.5,319,319.5,320
1684803692334267124,316.5,316,315.5,315,314.5,318.5,319,319.5,320,320.5
1684803692334321346,316.5,316,315.5,315,314.5,318.5,319,319.5,320,320.5
1684803692354791637,316.5,316,315.5,315,314.5,318.5,319,319.5,320,320.5
1684803692369610658,316.5,316,315.5,315,314.5,318.5,319,319.5,320,320.5
1684803692386565940,316.5,316,315.5,315,314.5,318.5,319,319.5,320,320.5
1684803692441053286,316.5,316,315.5,315,314.5,318.5,319,319.5,320,320.5
1684803692473879063,317,316.5,316,315.5,315,318.5,319,319.5,320,320.5
1684803692506624540,317,316.5,316,315.5,315,318.5,319,319.5,320,320.5
1684803692540142598,317,316.5,316,315.5,315,318.5,319,319.5,320,320.5
1684803692550447544,317,316.5,316,315.5,315,318.5,319,319.5,320,320.5
1684803693806017832,317,316.5,316,315.5,315,318.5,319,319.5,320,320.5
1684803694144860581,317,316.5,316,315.5,315,318.5,319,319.5,320,320.5
1684803697006797597,317,316.5,316,315.5,315,318.5,319,319.5,320,320.5
1684803697040070234,317.5,317,316.5,316,315.5,318.5,319,319.5,320,320.5
1684803697072838203,317.5,317,316.5,316,315.5,318.5,319,319.5,320,320.5
1684803697105153192,317.5,317,316.5,316,315.5,318.5,319,319.5,320,320.5
1684803700174591586,317.5,317,316.5,316,315.5,318.5,319,319.5,320,320.5
1684803700207420760,317.5,317,316.5,316,315.5,318.5,319,319.5,320,320.5
1684803700217226419,317.5,317,316.5,316,315.5,318.5,319,319.5,320,320.5
1684803702172041842,317.5,317,316.5,316,315.5,318.5,319,319.5,320,320.5
1684803704202963038,317.5,317,316.5,316,315.5,318.5,319,319.5,320,320.5
1684803704761711452,317.5,317,316.5,316,315.5,318.5,319,319.5,320,320.5
1684803705429283763,317.5,317,316.5,316,315.5,318.5,319,319.5,320,320.5
1684803707118399348,318,317.5,317,316.5,316,318.5,319,319.5,320,320.5
1684803707151453244,318,317.5,317,316.5,316,318.5,319,319.5,320,320.5
1684803707181555879,318,317.5,317,316.5,316,318.5,319,319.5,320,320.5
1684803707771504579,318,317.5,317,316.5,316,318.5,319,319.5,320,320.5
1684803708308844941,318,317.5,317,316.5,316,318.5,319,319.5,320,320.5
1684803708784135420,318,317.5,317,316.5,316,318.5,319,319.5,320,320.5
1684803713259867438,318,317.5,317,316.5,316,318.5,319,319.5,320,320.5
1684803714960844623,318,317.5,317,316.5,316,318.5,319,319.5,320,320.5
1684803717160503112,318,317.5,317,316.5,316,318.5,319,319.5,320,320.5
1684803717389775973,318,317.5,317,316.5,316,318.5,319,319.5,320,320.5
1684803718258415062,318,317.5,317,316.5,316,318.5,319,319.5,320,320.5
1684803718999430198,318,317.5,317,316.5,316,318.5,319,319.5,320,320.5
1684803721611392545,318,317.5,317,316.5,316,319,319.5,320,320.5,321
1684803721643580655,318,317.5,317,316.5,316,319,319.5,320,320.5,321
1684803721676695706,318,317.5,317,316.5,316,319,319.5,320,320.5,321
1684803723819503955,318.5,318,317.5,317,316.5,319,319.5,320,320.5,321
1684803723852218644,318.5,318,317.5,317,316.5,319,319.5,320,320.5,321
1684803723882926736,318.5,318,317.5,317,316.5,319,319.5,320,320.5,321
1684803724442074160,318.5,318,317.5,317,316.5,319,319.5,320,320.5,321
1684803725255262345,318.5,318,317.5,317,316.5,319,319.5,320,320.5,321
1684803725288748973,318.5,318,317.5,317,316.5,319,319.5,320,320.5,321
1684803726120880884,318.5,318,317.5,317,316.5,319,319.5,320,320.5,321
1684803726168956872,318.5,318,317.5,317,316.5,319,319.5,320,320.5,321
1684803727494727349,318.5,318,317.5,317,316.5,319,319.5,320,320.5,321
1684803728632272940,318.5,318,317.5,317,316.5,319,319.5,320,320.5,321
1684803731618444677,318.5,318,317.5,317,316.5,319,319.5,320,320.5,321
1684803740549922614,318.5,318,317.5,317,316.5,319,319.5,320,320.5,321
1684803741979359689,318.5,318,317.5,317,316.5,319,319.5,320,320.5,321
1684803745384564522,318.5,318,317.5,317,316.5,319,319.5,320,320.5,321
1684803745971013884,318.5,318,317.5,317,316.5,319,319.5,320,320.5,321
1684803746255973774,318.5,318,317.5,317,316.5,319,319.5,320,320.5,321
1684803746844999604,318.5,318,317.5,317,316.5,319,319.5,320,320.5,321
1684803747635677619,318.5,318,317.5,317,316.5,319,319.5,320,320.5,321
1684803749605710732,0,0,0,0,0,0,0,0,0,0
1684803749605710732,318,317.5,317,316.5,316,319,319.5,320,320.5,321
1684803749635938031,318,317.5,317,316.5,316,319,319.5,320,320.5,321
1684803749635938031,318,317.5,317,316.5,316,319,319.5,320,320.5,321
1684803749670884521,318,317.5,317,316.5,316,319,319.5,320,320.5,321
1684803749713737945,318.5,318,317.5,317,316.5,319,319.5,320,320.5,321
1684803749747538733,318.5,318,317.5,317,316.5,319,319.5,320,320.5,321
1684803749747538733,318,317.5,317,316.5,316,319,319.5,320,320.5,321
1684803749779415990,318,317.5,317,316.5,316,319,319.5,320,320.5,321
1684803749779415990,318,317.5,317,316.5,316,319,319.5,320,320.5,321
1684803749808152751,318,317.5,317,316.5,316,319,319.5,320,320.5,321
1684803750134788855,318,317.5,317,316.5,316,319,319.5,320,320.5,321
1684803751834792899,318,317.5,317,316.5,316,319,319.5,320,320.5,321
1684803752513712828,318,317.5,317,316.5,316,319,319.5,320,320.5,321
1684803755885463577,318,317.5,317,316.5,316,319,319.5,320,320.5,321
1684803758046175847,318,317.5,317,316.5,316,319,319.5,320,320.5,321
1684803759951827971,318.5,318,317.5,317,316.5,319,319.5,320,320.5,321
1684803759975623535,318.5,318,317.5,317,316.5,319,319.5,320,320.5,321
1684803759975623535,318,317.5,317,316.5,316,319,319.5,320,320.5,321
1684803759975623535,318,317.5,317,316.5,316,319,319.5,320,320.5,321
1684803759998241819,318,317.5,317,316.5,316,319,319.5,320,320.5,321
1684803759998325707,318,317.5,317,316.5,316,319,319.5,320,320.5,321
1684803760020749576,318,317.5,317,316.5,316,319,319.5,320,320.5,321
1684803760988175373,318,317.5,317,316.5,316,319,319.5,320,320.5,321
1684803763691644818,318,317.5,317,316.5,316,319,319.5,320,320.5,321
1684803769541862824,318,317.5,317,316.5,316,319,319.5,320,320.5,321
1684803769572460839,318.5,318,317.5,317,316.5,319,319.5,320,320.5,321
1684803769572460839,318.5,318,317.5,317,316.5,319,319.5,320,320.5,321
1684803769603391870,318.5,318,317.5,317,316.5,319,319.5,320,320.5,321
1684803769603391870,318,317.5,317,316.5,316,319,319.5,320,320.5,321
1684803769640008314,318,317.5,317,316.5,316,319,319.5,320,320.5,321
1684803769640008314,318,317.5,317,316.5,316,319,319.5,320,320.5,321
1684803769648418895,318,317.5,317,316.5,316,318.5,319,319.5,320,320.5
1684803769668866403,318,317.5,317,316.5,316,318.5,319,319.5,320,320.5
1684803769669167248,318,317.5,317,316.5,316,318.5,319,319.5,320,320.5
1684803769689252967,318,317.5,317,316.5,316,318.5,319,319.5,320,320.5
1684803771239467928,318,317.5,317,316.5,316,318.5,319,319.5,320,320.5
1684803775420874170,317.5,317,316.5,316,315.5,318.5,319,319.5,320,320.5
1684803775451563026,317.5,317,316.5,316,315.5,318.5,319,319.5,320,320.5
1684803775451563026,317.5,317,316.5,316,315.5,318.5,319,319.5,320,320.5
1684803775451563026,317.5,317,316.5,316,315.5,318.5,319,319.5,320,320.5
1684803775461498719,317.5,317,316.5,316,315.5,318.5,319,319.5,320,320.5
1684803775472505003,317.5,317,316.5,316,315.5,318.5,319,319.5,320,320.5
1684803776585995968,317.5,317,316.5,316,315.5,318.5,319,319.5,320,320.5
1684803776619252845,317.5,317,316.5,316,315.5,318.5,319,319.5,320,320.5
1684803776827344872,317.5,317,316.5,316,315.5,318.5,319,319.5,320,320.5
1684803778048110768,317.5,317,316.5,316,315.5,318.5,319,319.5,320,320.5
1684803778078823979,317,316.5,316,315.5,315,318.5,319,319.5,320,320.5
1684803778109536390,317,316.5,316,315.5,315,318.5,319,319.5,320,320.5
1684803778109552069,317,316.5,316,315.5,315,318.5,319,319.5,320,320.5
1684803778122685276,317,316.5,316,315.5,315,318.5,319,319.5,320,320.5
1684803778143585164,317,316.5,316,315.5,315,318.5,319,319.5,320,320.5
1684803781276902300,317,316.5,316,315.5,315,318.5,319,319.5,320,320.5
1684803781307938979,316.5,316,315.5,315,314.5,318.5,319,319.5,320,320.5
1684803781330202447,316.5,316,315.5,315,314.5,318.5,319,319.5,320,320.5
1684803781352989248,316.5,316,315.5,315,314.5,318.5,319,319.5,320,320.5
1684803781363641376,316.5,316,315.5,315,314.5,318.5,319,319.5,320,320.5
1684803781669189340,316.5,316,315.5,315,314.5,318.5,319,319.5,320,320.5
1684803782134638996,316.5,316,315.5,315,314.5,318.5,319,319.5,320,320.5
1684803787413096886,316.5,316,315.5,315,314.5,318.5,319,319.5,320,320.5
1684803789489677952,317,316.5,316,315.5,315,318.5,319,319.5,320,320.5
1684803789522356764,317,316.5,316,315.5,315,318.5,319,319.5,320,320.5
1684803789522356764,316.5,316,315.5,315,314.5,318.5,319,319.5,320,320.5
1684803789545865169,316.5,316,315.5,315,314.5,318.5,319,319.5,320,320.5
1684803789556043909,316.5,316,315.5,315,314.5,318.5,319,319.5,320,320.5
1684803789556043909,316.5,316,315.5,315,314.5,318.5,319,319.5,320,320.5
1684803789556043909,316.5,316,315.5,315,314.5,318.5,319,319.5,320,320.5
1684803789578700435,316.5,316,315.5,315,314.5,318.5,319,319.5,320,320.5
1684803789612271943,316.5,316,315.5,315,314.5,318.5,319,319.5,320,320.5
1684803791258077160,316.5,316,315.5,315,314.5,318.5,319,319.5,320,320.5
1684803791681952344,316.5,316,315.5,315,314.5,318.5,319,319.5,320,320.5
1684803795754340782,0,0,0,0,0,0,0,0,0,0
1684803795754356902,316,315.5,315,314.5,314,318.5,319,319.5,320,320.5
1684803795763471504,317,316,315.5,315,314.5,318.5,319,319.5,320,320.5
1684803795784619327,317,316,315.5,315,314.5,318.5,319,319.5,320,320.5
1684803795784619327,317,316,315.5,315,314.5,318.5,319,319.5,320,320.5
1684803795796525691,317,316,315.5,315,314.5,318.5,319,319.5,320,320.5
1684803795796525691,317,316,315.5,315,314.5,318.5,319,319.5,320,320.5
1684803795796646057,316,315.5,315,314.5,314,318.5,319,319.5,320,320.5
1684803795796646057,316,315.5,315,314.5,314,318.5,319,319.5,320,320.5
1684803795806402564,316,315.5,315,314.5,314,318.5,319,319.5,320,320.5
1684803795819009332,316,315.5,315,314.5,314,318.5,319,319.5,320,320.5
1684803795831454006,316,315.5,315,314.5,314,318.5,319,319.5,320,320.5
1684803795831616802,316,315.5,315,314.5,314,318.5,319,319.5,320,320.5
1684803795831873464,316,315.5,315,314.5,314,318.5,319,319.5,320,320.5
1684803795831873464,316,315.5,315,314.5,314,318.5,319,319.5,320,320.5
1684803795841483726,316,315.5,315,314.5,314,318.5,319,319.5,320,320.5
1684803795853215612,316,315.5,315,314.5,314,318.5,319,319.5,320,320.5
1684803795853309789,316,315.5,315,314.5,314,318.5,319,319.5,320,320.5
1684803795863159631,316,315.5,315,314.5,314,318.5,319,319.5,320,320.5
1684803795885526794,316,315.5,315,314.5,314,318.5,319,319.5,320,320.5
1684803795885526794,316.5,316,315.5,315,314.5,318.5,319,319.5,320,320.5
1684803795922365776,316.5,316,315.5,315,314.5,318.5,319,319.5,320,320.5
1684803795922365776,316.5,316,315.5,315,314.5,318.5,319,319.5,320,320.5
1684803795944833448,316.5,316,315.5,315,314.5,318.5,319,319.5,320,320.5
1684803796666988200,316.5,316,315.5,315,314.5,318.5,319,319.5,320,320.5
1684803796769128731,316.5,316,315.5,315,314.5,318.5,319,319.5,320,320.5
1684803800619950115,316.5,316,315.5,315,314.5,318.5,319,319.5,320,320.5
1684803801509442251,316.5,316,315.5,315,314.5,318.5,319,319.5,320,320.5
1684803801780622633,316.5,316,315.5,315,314.5,318,318.5,319,319.5,320
1684803801816827926,316.5,316,315.5,315,314.5,318,318.5,319,319.5,320
1684803801816827926,316.5,316,315.5,315,314.5,318,318.5,319,319.5,320
1684803801851336793,316.5,316,315.5,315,314.5,318,318.5,319,319.5,320
1684803802897416832,317,316.5,316,315.5,315,318,318.5,319,319.5,320
1684803802927447292,317,316.5,316,315.5,315,318,318.5,319,319.5,320
1684803802964555410,317,316.5,316,315.5,315,318,318.5,319,319.5,320
1684803803033364434,316.5,316,315.5,315,314.5,318,318.5,319,319.5,320
1684803803066032987,316.5,316,315.5,315,314.5,318,318.5,319,319.5,320
1684803803101074514,316.5,316,315.5,315,314.5,318,318.5,319,319.5,320
1684803805981205410,317,316.5,316,315.5,315,318,318.5,319,319.5,320
1684803806013770168,317,316.5,316,315.5,315,318,318.5,319,319.5,320
1684803806044998928,317,316.5,316,315.5,315,318,318.5,319,319.5,320
1684803806431665145,317,316.5,316,315.5,315,318,318.5,319,319.5,320
1684803806579296984,317,316.5,316,315.5,315,318,318.5,319,319.5,320
1684803808594468191,317,316.5,316,315.5,315,318,318.5,319,319.5,320
1684803809293196343,317,316.5,316,315.5,315,318,318.5,319,319.5,320
1684803809942896517,317,316.5,316,315.5,315,318,318.5,319,319.5,320
1684803810854882084,317,316.5,316,315.5,315,318,318.5,319,319.5,320
1684803811820213144,317,316.5,316,315.5,315,317.5,318,318.5,319,319.5
1684803811852946258,317,316.5,316,315.5,315,317.5,318,318.5,319,319.5
1684803811852946258,317,316.5,316,315.5,315,317.5,318,318.5,319,319.5
1684803811885577521,317,316.5,316,315.5,315,317.5,318,318.5,319,319.5
1684803811885577521,316.5,316,315.5,315,314.5,317.5,318,318.5,319,319.5
1684803811918471947,316.5,316,315.5,315,314.5,317.5,318,318.5,319,319.5
1684803811918471947,316.5,316,315.5,315,314.5,317.5,318,318.5,319,319.5
1684803811951305169,316.5,316,315.5,315,314.5,317.5,318,318.5,319,319.5
1684803812039209514,316.5,316,315.5,315,314.5,317.5,318,318.5,319,319.5
1684803814070103110,316.5,316,315.5,315,314.5,317.5,318,318.5,319,319.5
1684803814070103110,316,315.5,315,314.5,314,317.5,318,318.5,319,319.5
1684803814070103110,317,316,315.5,315,314.5,317.5,318,318.5,319,319.5
1684803814105068184,317,316,315.5,315,314.5,317.5,318,318.5,319,319.5
1684803814105334364,316,315.5,315,314.5,314,317.5,318,318.5,319,319.5
1684803814114892829,316,315.5,315,314.5,314,317.5,318,318.5,319,319.5
1684803814137394384,316,315.5,315,314.5,314,317.5,318,318.5,319,319.5
1684803814137501325,316,315.5,315,314.5,314,317.5,318,318.5,319,319.5
1684803814149567158,316,315.5,315,314.5,314,317.5,318,318.5,319,319.5
1684803814358571659,316,315.5,315,314.5,314,317.5,318,318.5,319,319.5
1684803815306803025,316,315.5,315,314.5,314,317.5,318,318.5,319,319.5
1684803816172158197,316,315.5,315,314.5,314,317.5,318,318.5,319,319.5
1684803818043954500,316,315.5,315,314.5,314,317.5,318,318.5,319,319.5
1684803819625003236,316,315.5,315,314.5,314,317.5,318,318.5,319,319.5
1684803820321432973,316,315.5,315,314.5,314,317.5,318,318.5,319,319.5
1684803822044712778,316,315.5,315,314.5,314,317,317.5,318,318.5,319
1684803822067209504,316,315.5,315,314.5,314,317,317.5,318,318.5,319
1684803822067209504,316,315.5,315,314.5,314,317,317.5,318,318.5,319
1684803822087926299,316,315.5,315,314.5,314,317,317.5,318,318.5,319
1684803822087940826,316,315.5,315,314.5,314,317,317.5,318,318.5,319
1684803826050800253,316,315.5,315,314.5,314,317,317.5,318,318.5,319
1684803828796773944,316,315.5,315,314.5,314,317,317.5,318,318.5,319
1684803829427832152,316,315.5,315,314.5,314,317,317.5,318,318.5,319
1684803832604386148,316,315.5,315,314.5,314,317,317.5,318,318.5,319
1684803833917525806,316,315.5,315,314.5,314,317,317.5,318,318.5,319
1684803834049340168,316,315.5,315,314.5,314,317,317.5,318,318.5,319
1684803834304208506,316,315.5,315,314.5,314,317,317.5,318,318.5,319
1684803834618576299,316,315.5,315,314.5,314,317,317.5,318,318.5,319
1684803834653940944,316,315.5,315,314.5,314,317,317.5,318,318.5,319
1684803835085469609,316,315.5,315,314.5,314,317,317.5,318,318.5,319
1684803835934167009,316,315.5,315,314.5,314,317,317.5,318,318.5,319
1684803839797000219,316,315.5,315,314.5,314,317,317.5,318,318.5,319
1684803846501231980,316,315.5,315,314.5,314,317,317.5,318,318.5,319
1684803846808879317,316,315.5,315,314.5,314,317,317.5,318,318.5,319
1684803849291525655,316,315.5,315,314.5,314,317,317.5,318,318.5,319
1684803850049317097,316,315.5,315,314.5,314,317,317.5,318,318.5,319
1684803850227648552,316,315.5,315,314.5,314,317,317.5,318,318.5,319
1684803853111436737,316,315.5,315,314.5,314,316.5,317,317.5,318,318.5
1684803853143955429,316,315.5,315,314.5,314,316.5,317,317.5,318,318.5
1684803853176686168,316,315.5,315,314.5,314,316.5,317,317.5,318,318.5
1684803854874465914,316,315.5,315,314.5,314,316.5,317,317.5,318,318.5
1684803854897747314,0,0,0,0,0,0,0,0,0,0
1684803854897747314,316,315.5,315,314.5,314,317,317.5,318,318.5,319
1684803854934526003,316,315.5,315,314.5,314,317,317.5,318,318.5,319
1684803854976966302,316,315.5,315,314.5,314,317,317.5,318,318.5,319
1684803856401461004,316,315.5,315,314.5,314,317,317.5,318,318.5,319
1684803857082311755,316,315.5,315,314.5,314,317,317.5,318,318.5,319
1684803860156373217,316,315.5,315,314.5,314,317,317.5,318,318.5,319
1684803861078322375,316,315.5,315,314.5,314,317,317.5,318,318.5,319
1684803862523619523,316,315.5,315,314.5,314,317,317.5,318,318.5,319
1684803863316694237,316,315.5,315,314.5,314,317,317.5,318,318.5,319
1684803868155915642,316,315.5,315,314.5,314,317,317.5,318,318.5,319
1684803870816282152,316,315.5,315,314.5,314,317,317.5,318,318.5,319
1684803875089510506,316,315.5,315,314.5,314,317,317.5,318,318.5,319
1684803877213499224,316.5,316,315.5,315,314.5,317,317.5,318,318.5,319
1684803877246154953,316.5,316,315.5,315,314.5,317,317.5,318,318.5,319
1684803877281092536,316.5,316,315.5,315,314.5,317,317.5,318,318.5,319
1684803877749866609,316.5,316,315.5,315,314.5,317,317.5,318,318.5,319
1684803879491720726,316.5,316,315.5,315,314.5,317,317.5,318,318.5,319
1684803880576701887,0,0,0,0,0,0,0,0,0,0
1684803880576701887,316,315.5,315,314.5,314,317,317.5,318,318.5,319
1684803880606433806,316,315.5,315,314.5,314,317,317.5,318,318.5,319
1684803880636954637,316,315.5,315,314.5,314,317,317.5,318,318.5,319
1684803880702675283,316,315.5,315,314.5,314,317,317.5,318,318.5,319
1684803882834390890,316,315.5,315,314.5,314,317,317.5,318,318.5,319
1684803884604426356,316,315.5,315,314.5,314,317,317.5,318,318.5,319
1684803885247810358,316,315.5,315,314.5,314,317,317.5,318,318.5,319
1684803889599789016,316,315.5,315,314.5,314,317,317.5,318,318.5,319
1684803891891382474,316,315.5,315,314.5,314,317,317.5,318,318.5,319
1684803893325140713,316,315.5,315,314.5,314,317,317.5,318,318.5,319
1684803901065911235,316,315.5,315,314.5,314,317,317.5,318,318.5,319
1684803901096791050,316,315.5,315,314.5,314,317,317.5,318,318.5,319
1684803902046782439,316,315.5,315,314.5,314,317,317.5,318,318.5,319
1684803902746155067,316,315.5,315,314.5,314,317,317.5,318,318.5,319
1684803903473647798,316,315.5,315,314.5,314,317,317.5,318,318.5,319
1684803905588119595,316,315.5,315,314.5,314,317,317.5,318,318.5,319
1684803905676776754,316,315.5,315,314.5,314,317,317.5,318,318.5,319
1684803905982008948,316,315.5,315,314.5,314,317,317.5,318,318.5,319
1684803906129433468,316,315.5,315,314.5,314,317,317.5,318,318.5,319
1684803907721829081,316,315.5,315,314.5,314,317,317.5,318,318.5,319
1684803913066908252,316,315.5,315,314.5,314,317,317.5,318,318.5,319
1684803913190828054,316,315.5,315,314.5,314,317,317.5,318,318.5,319
1684803917250123779,316,315.5,315,314.5,314,317,317.5,318,318.5,319
1684803917445915015,316,315.5,315,314.5,314,317,317.5,318,318.5,319
1684803920265871850,316,315.5,315,314.5,314,317,317.5,318,318.5,319
1684803920834279240,316,315.5,315,314.5,314,317,317.5,318,318.5,319
1684803923378960011,316,315.5,315,314.5,314,317,317.5,318,318.5,319
1684803925423794693,316,315.5,315,314.5,314,317,317.5,318,318.5,319
1684803934675236313,316,315.5,315,314.5,314,317,317.5,318,318.5,319
1684803940327186500,316,315.5,315,314.5,314,317,317.5,318,318.5,319
1684803957351562012,316,315.5,315,314.5,314,317,317.5,318,318.5,319
1684803960976876400,316,315.5,315,314.5,314,317,317.5,318,318.5,319
1684803961009145934,316,315.5,315,314.5,314,317,317.5,318,318.5,319
1684803961042968033,315.5,315,314.5,314,313.5,317,317.5,318,318.5,319
1684803961062867212,315.5,315,314.5,314,313.5,317,317.5,318,318.5,319
1684803961085945130,315.5,315,314.5,314,313.5,317,317.5,318,318.5,319
1684803961085997989,315.5,315,314.5,314,313.5,317,317.5,318,318.5,319
1684803962476724017,315.5,315,314.5,314,313.5,317,317.5,318,318.5,319
1684803965186410728,315.5,315,314.5,314,313.5,316,317,317.5,318,318.5
1684803965217036717,315.5,315,314.5,314,313.5,316,317,317.5,318,318.5
1684803965217113932,315,314.5,314,313.5,313,316,317,317.5,318,318.5
1684803965237515324,315,314.5,314,313.5,313,316,317,317.5,318,318.5
1684803965237515324,315,314.5,314,313.5,313,316,317,317.5,318,318.5
1684803965237540732,315,314.5,314,313.5,313,316,317,317.5,318,318.5
1684803965247975853,315,314.5,314,313.5,313,316,317,317.5,318,318.5
1684803965257968353,315,314.5,314,313.5,313,316,317,317.5,318,318.5
1684803965334443711,315,314.5,314,313.5,313,316,317,317.5,318,318.5
1684803967446246761,315,314.5,314,313.5,313,316,317,317.5,318,318.5
1684803968719105420,315,314.5,314,313.5,313,316,317,317.5,318,318.5
1684803968885820579,315,314.5,314,313.5,313,316,317,317.5,318,318.5
1684803968908415890,315,314.5,314,313.5,313,316,317,317.5,318,318.5
1684803970312376506,315,314.5,314,313.5,313,316,317,317.5,318,318.5
1684803970332843131,315,314.5,314,313.5,313,316,317,317.5,318,318.5
1684803970703868861,315,314.5,314,313.5,313,316,317,317.5,318,318.5
1684803970906104046,315,314.5,314,313.5,313,316,317,317.5,318,318.5
1684803970939953476,315,314.5,314,313.5,313,316,317,317.5,318,318.5
1684803972610939548,315,314.5,314,313.5,313,316,317,317.5,318,318.5
1684803974172347823,315,314.5,314,313.5,313,316,317,317.5,318,318.5
1684803975639176852,315.5,315,314.5,314,313.5,316,317,317.5,318,318.5
1684803975672393144,315,314.5,314,313.5,313,316,317,317.5,318,318.5
1684803975672393144,315,314.5,314,313.5,313,316,317,317.5,318,318.5
1684803975694498575,315,314.5,314,313.5,313,316,317,317.5,318,318.5
1684803976466559025,315,314.5,314,313.5,313,316,317,317.5,318,318.5
1684803977749667349,315,314.5,314,313.5,313,316,317,317.5,318,318.5
1684803985998086396,315,314.5,314,313.5,313,316,317,317.5,318,318.5
1684803986548998583,315,314.5,314,313.5,313,316,317,317.5,318,318.5
1684803988658477343,315,314.5,314,313.5,313,316,317,317.5,318,318.5
1684803989275011862,315,314.5,314,313.5,313,315.5,316,317,317.5,318
1684803990379219842,315,314.5,314,313.5,313,315.5,316,317,317.5,318
1684803990530649773,315,314.5,314,313.5,313,315.5,316,317,317.5,318
1684803990593897117,315,314.5,314,313.5,313,315.5,316,317,317.5,318
1684803990593897117,315,314.5,314,313.5,313,315.5,316,317,317.5,318
1684803990665521077,315,314.5,314,313.5,313,315.5,316,317,317.5,318
1684803991435566395,315,314.5,314,313.5,313,315.5,316,317,317.5,318
1684803999615676195,315,314.5,314,313.5,313,315.5,316,317,317.5,318
1684803999718397048,315,314.5,314,313.5,313,315.5,316,317,317.5,318
1684804000757262482,315,314.5,314,313.5,313,315.5,316,317,317.5,318
1684804000779698594,315,314.5,314,313.5,313,315.5,316,317,317.5,318
1684804000810423759,314.5,314,313.5,313,312.5,315.5,316,317,317.5,318
1684804000844650237,314.5,314,313.5,313,312.5,315,315.5,316,317,317.5
1684804000844650237,314.5,314,313.5,313,312.5,315,315.5,316,317,317.5
1684804000844650237,314.5,314,313.5,313,312.5,315,315.5,316,317,317.5
1684804000844650237,314.5,314,313.5,313,312.5,315,315.5,316,317,317.5
1684804000856998370,314.5,314,313.5,313,312.5,315,315.5,316,317,317.5
1684804000877037964,314.5,314,313.5,313,312.5,315,315.5,316,317,317.5
1684804000877037964,314.5,314,313.5,313,312.5,315,315.5,316,317,317.5
1684804000877037964,314,313.5,313,312.5,312,315,315.5,316,317,317.5
1684804000898045154,314,313.5,313,312.5,312,315,315.5,316,317,317.5
1684804000908762865,314,313.5,313,312.5,312,315,315.5,316,317,317.5
1684804000908850610,314,313.5,313,312.5,312,315,315.5,316,317,317.5
1684804000908850610,314,313.5,313,312.5,312,314.5,315,315.5,316,317
1684804000908874996,314,313.5,313,312.5,312,314.5,315,315.5,316,317
1684804000920051199,314,313.5,313,312.5,312,314.5,315,315.5,316,317
1684804000930355294,314,313.5,313,312.5,312,314.5,315,315.5,316,317
1684804000956703371,314,313.5,313,312.5,312,314.5,315,315.5,316,317
1684804000976251211,314,313.5,313,312.5,312,314.5,315,315.5,316,317
1684804001066358272,314,313.5,313,312.5,312,314.5,315,315.5,316,317
1684804008351389518,314,313.5,313,312.5,312,314.5,315,315.5,316,317
1684804008371652440,313.5,313,312.5,312,311.5,314.5,315,315.5,316,317
1684804008393040545,313.5,313,312.5,312,311.5,314.5,315,315.5,316,317
1684804008393446297,313.5,313,312.5,312,311.5,314.5,315,315.5,316,317
1684804008393483357,313.5,313,312.5,312,311.5,314.5,315,315.5,316,317
1684804008403493841,313.5,313,312.5,312,311.5,314.5,315,315.5,316,317
1684804008415873273,313.5,313,312.5,312,311.5,314.5,315,315.5,316,317
1684804008415873273,313.5,313,312.5,312,311.5,314.5,315,315.5,316,316.5
1684804008966873446,313.5,313,312.5,312,311.5,314.5,315,315.5,316,316.5
1684804010208718714,313.5,313,312.5,312,311.5,314.5,315,315.5,316,316.5
1684804010245309241,313.5,313,312.5,312,311.5,314.5,315,315.5,316,316.5
1684804010339345730,313,312.5,312,311.5,311,314.5,315,315.5,316,316.5
1684804010370609015,313,312.5,312,311.5,311,314.5,315,315.5,316,317
1684804010370609015,313,312.5,312,311.5,311,314.5,315,315.5,316,317
1684804010382797067,313,312.5,312,311.5,311,314.5,315,315.5,316,317
1684804010405308712,313,312.5,312,311.5,311,314.5,315,315.5,316,317
1684804010405308712,313,312.5,312,311.5,311,314.5,315,315.5,316,317
1684804010429663998,313,312.5,312,311.5,311,314.5,315,315.5,316,317
1684804011591663420,313,312.5,312,311.5,311,314.5,315,315.5,316,317
1684804011635349268,313,312.5,312,311.5,311,314.5,315,315.5,316,317
1684804011635349268,312.5,312,311.5,311,310.5,314.5,315,315.5,316,317
1684804011666029388,312.5,312,311.5,311,310.5,314.5,315,315.5,316,317
1684804011678329501,312.5,312,311.5,311,310.5,314.5,315,315.5,316,317
1684804011688512789,312.5,312,311.5,311,310.5,314.5,315,315.5,316,317
1684804011702040978,312.5,312,311.5,311,310.5,314.5,315,315.5,316,317
1684804012051953410,312.5,312,311.5,311,310.5,314.5,315,315.5,316,317
1684804013051472184,312.5,312,311.5,311,310.5,314.5,315,315.5,316,317
1684804013601382631,312.5,312,311.5,311,310.5,314,314.5,315,315.5,316
1684804013623924773,312.5,312,311.5,311,310.5,314,314.5,315,315.5,316
1684804013623924773,312.5,312,311.5,311,310.5,314,314.5,315,315.5,316
1684804013623924773,312.5,312,311.5,311,310.5,314,314.5,315,315.5,316
1684804013644418820,312.5,312,311.5,311,310.5,314,314.5,315,315.5,316
1684804013664797880,312.5,312,311.5,311,310.5,314,314.5,315,315.5,316
1684804013664823578,312.5,312,311.5,311,310.5,314,314.5,315,315.5,316
1684804013718058514,312.5,312,311.5,311,310.5,314,314.5,315,315.5,316
1684804013860390034,312.5,312,311.5,311,310.5,314,314.5,315,315.5,316
1684804014110905353,312.5,312,311.5,311,310.5,314,314.5,315,315.5,316
1684804014539643416,312.5,312,311.5,311,310.5,314,314.5,315,315.5,316
1684804016470556364,312.5,312,311.5,311,310.5,313,314,314.5,315,315.5
1684804016505587683,312.5,312,311.5,311,310.5,313,314,314.5,315,315.5
1684804016505587683,312.5,312,311.5,311,310.5,314,314.5,315,315.5,316
1684804016505587683,312.5,312,311.5,311,310.5,314,314.5,315,315.5,316
1684804016538227733,312.5,312,311.5,311,310.5,314,314.5,315,315.5,316
1684804016548451037,312.5,312,311.5,311,310.5,314,314.5,315,315.5,316
1684804017549117366,312.5,312,311.5,311,310.5,314,314.5,315,315.5,316
1684804019693100392,312.5,312,311.5,311,310.5,314,314.5,315,315.5,316
1684804020238980774,312.5,312,311.5,311,310.5,313,314,314.5,315,315.5
1684804020271953608,312.5,312,311.5,311,310.5,314,314.5,315,315.5,316
1684804020314754765,312.5,312,311.5,311,310.5,313,314,314.5,315,315.5
1684804020345780565,312.5,312,311.5,311,310.5,314,314.5,315,315.5,316
1684804020584063168,312.5,312,311.5,311,310.5,314,314.5,315,315.5,316
1684804021301878759,312.5,312,311.5,311,310.5,314,314.5,315,315.5,316
1684804022076019027,312.5,312,311.5,311,310.5,314,314.5,315,315.5,316
1684804022458192638,312.5,312,311.5,311,310.5,313.5,314,314.5,315,315.5
1684804022803097850,312.5,312,311.5,311,310.5,313.5,314,314.5,315,315.5
1684804022815526244,312.5,312,311.5,311,310.5,314,314.5,315,315.5,316
1684804024047201650,313,312.5,312,311.5,311,314,314.5,315,315.5,316
1684804024082035720,313,312.5,312,311.5,311,314,314.5,315,315.5,316
1684804024082059805,313,312.5,312,311.5,311,314,314.5,315,316,317
1684804024128499613,313,312.5,312,311.5,311,314,314.5,315,316,317
1684804024128557652,313,312.5,312,311.5,311,314,314.5,315,316,317
1684804024128557652,313,312.5,312,311.5,311,314,314.5,315,316,317
1684804024138728557,313,312.5,312,311.5,311,314,314.5,315,316,317
1684804024162496290,313,312.5,312,311.5,311,314.5,315,316,317,317.5
1684804024194747791,313.5,313,312.5,312,311.5,314.5,315,316,317,317.5
1684804024194956392,313.5,313,312.5,312,311.5,314.5,315,316,317,317.5
1684804024195079253,313.5,313,312.5,312,311.5,315,316,317,317.5,318
1684804024227538373,313.5,313,312.5,312,311.5,315,316,317,317.5,318
1684804024227538373,313.5,313,312.5,312,311.5,315,316,317,317.5,318
1684804024240314550,313.5,313,312.5,312,311.5,315,316,317,317.5,318
1684804024241837519,313.5,313,312.5,312,311.5,315,316,317,318,318.5
1684804024262996684,313.5,313,312.5,312,311.5,315,316,316.5,317,318
1684804024272541885,314,313.5,313,312.5,312,315,316,316.5,317,318
1684804024305464886,314,313.5,313,312.5,312,315,316,317,318,318.5
1684804024305554424,314,313.5,313,312.5,312,315,316,317,318,318.5
1684804024305554424,314,313.5,313,312.5,312,315,316,317,318,318.5
1684804024335947405,314,313.5,313,312.5,312,315,316,317,318,318.5
1684804025551549055,314,313.5,313,312.5,312,315,316,317,318,318.5
1684804025584581942,313.5,313,312.5,312,311.5,315,316,317,318,318.5
1684804025599633451,313.5,313,312.5,312,311.5,315,316,317,318,318.5
1684804025618313722,313.5,313,312.5,312,311.5,315,316,317,318,318.5
1684804025618313722,314,313.5,313,312.5,312,315,316,317,318,318.5
1684804025618507205,314,313.5,313,312.5,312,315,316,317,318,318.5
1684804025618507205,314,313.5,313,312.5,312,315,316,317,318,318.5
1684804025628500838,314,313.5,313,312.5,312,315,316,316.5,317,318
1684804025649046902,314,313.5,313,312.5,312,315,316,316.5,317,318
1684804025649130329,314,313.5,313,312.5,312,315,316,317,318,318.5
1684804025659005479,314,313.5,313,312.5,312,315,316,317,318,318.5
1684804025659005479,314,313.5,313,312.5,312,315,316,317,318,318.5
1684804025691750065,314,313.5,313,312.5,312,315,316,317,318,318.5
1684804026080916455,314,313.5,313,312.5,312,315,316,317,318,318.5
1684804026673844777,314,313.5,313,312.5,312,315,316,317,318,318.5
1684804029806150460,314,313.5,313,312.5,312,315,316,317,318,318.5
1684804030134034876,314.5,314,313.5,313,312.5,315,316,317,318,318.5
1684804030158461376,314.5,314,313.5,313,312.5,315,316,317,318,318.5
1684804030158915879,314.5,314,313.5,313,312.5,315,316,317,318,318.5
1684804030191291322,314.5,314,313.5,313,312.5,315,316,317,317.5,318
1684804030767837097,314.5,314,313.5,313,312.5,315,316,317,317.5,318
1684804031204944184,314,313.5,313,312.5,312,315,316,317,317.5,318
1684804031238894634,314,313.5,313,312.5,312,315,316,317,318,318.5
1684804031271645392,314,313.5,313,312.5,312,315,316,317,318,318.5
1684804031385593433,314,313.5,313,312.5,312,315,316,317,318,318.5
1684804035429977859,314,313.5,313,312.5,312,315,316,317,318,318.5
1684804036622951016,314,313.5,313,312.5,312,315,316,317,318,318.5
1684804037653337915,314,313.5,313,312.5,312,315,316,317,318,318.5
1684804038181718192,314,313.5,313,312.5,312,315,316,317,318,318.5
1684804038753254503,314,313.5,313,312.5,312,315,316,317,318,318.5
1684804039632672826,314,313.5,313,312.5,312,315,316,317,318,318.5
1684804039749503570,314,313.5,313,312.5,312,315,316,317,318,318.5
1684804040036391648,314,313.5,313,312.5,312,315,316,317,318,318.5
1684804040292271420,314,313.5,313,312.5,312,315,316,317,318,318.5
1684804041127728689,314,313.5,313,312.5,312,315,316,317,318,318.5
1684804041283867602,314,313.5,313,312.5,312,315,316,317,318,318.5
1684804042047323432,314,313.5,313,312.5,312,315,316,317,318,318.5
1684804042450033650,314,313.5,313,312.5,312,315,316,317,318,318.5
1684804045189022905,314,313.5,313,312.5,312,315,316,317,318,318.5
1684804046074748241,314,313.5,313,312.5,312,315,316,317,318,318.5
1684804046405810403,314.5,314,313.5,313,312.5,315,316,317,318,318.5
1684804046435144727,314.5,314,313.5,313,312.5,315,316,317,318,318.5
1684804046459663279,314.5,314,313.5,313,312.5,315,316,317,317.5,318
1684804053313306546,314.5,314,313.5,313,312.5,315,316,317,317.5,318
1684804053429235387,314.5,314,313.5,313,312.5,315,316,317,317.5,318
1684804055054798923,314.5,314,313.5,313,312.5,315,316,317,317.5,318
1684804056399164033,314.5,314,313.5,313,312.5,315,316,317,317.5,318
1684804058365448155,314.5,314,313.5,313,312.5,315,316,317,317.5,318
1684804059399489858,314.5,314,313.5,313,312.5,315,316,317,317.5,318
1684804059795606137,314.5,314,313.5,313,312.5,315,316,317,317.5,318
1684804060500956088,314.5,314,313.5,313,312.5,315,316,317,317.5,318
1684804062512263630,314.5,314,313.5,313,312.5,315,316,317,317.5,318
1684804065862779563,314.5,314,313.5,313,312.5,315,316,317,317.5,318
1684804066286801725,314.5,314,313.5,313,312.5,315,316,317,317.5,318
1684804069559490061,314.5,314,313.5,313,312.5,315,316,317,317.5,318
1684804069624099692,314.5,314,313.5,313,312.5,315,316,317,317.5,318
1684804073712701388,314.5,314,313.5,313,312.5,315,316,317,317.5,318
1684804074540083760,314.5,314,313.5,313,312.5,315,316,317,317.5,318
1684804076665302298,314.5,314,313.5,313,312.5,315,316,317,317.5,318
1684804081981623793,314.5,314,313.5,313,312.5,315,316,317,317.5,318
1684804089722172226,314.5,314,313.5,313,312.5,315,316,317,317.5,318
1684804092506450602,314.5,314,313.5,313,312.5,315,316,317,317.5,318
1684804101661132305,314.5,314,313.5,313,312.5,315,316,317,317.5,318
1684804101858856654,314.5,314,313.5,313,312.5,315,316,317,317.5,318
1684804103817937981,314.5,314,313.5,313,312.5,315,316,317,317.5,318
1684804104571391337,314.5,314,313.5,313,312.5,315,316,317,317.5,318
1684804104968997024,314.5,314,313.5,313,312.5,315,316,317,317.5,318
1684804109658666231,314.5,314,313.5,313,312.5,315,316,317,317.5,318
1684804111467271478,314.5,314,313.5,313,312.5,315,316,317,317.5,318
1684804116789959554,314.5,314,313.5,313,312.5,315,316,317,317.5,318
1684804121862845930,314.5,314,313.5,313,312.5,315,316,317,317.5,318
1684804123296515043,314.5,314,313.5,313,312.5,315,316,317,317.5,318
1684804123564808422,314.5,314,313.5,313,312.5,315,316,317,317.5,318
1684804136114962339,314.5,314,313.5,313,312.5,315,316,317,317.5,318
1684804137097016715,314.5,314,313.5,313,312.5,315,316,317,317.5,318
1684804138869509227,314.5,314,313.5,313,312.5,315,316,317,317.5,318
1684804151708709153,314.5,314,313.5,313,312.5,315,316,317,317.5,318
1684804155086852483,314.5,314,313.5,313,312.5,315,316,317,317.5,318
1684804157508786598,314.5,314,313.5,313,312.5,315,316,317,317.5,318
1684804165691548754,314.5,314,313.5,313,312.5,315,316,317,317.5,318
1684804171069797279,314.5,314,313.5,313,312.5,315,316,317,317.5,318
1684804173932522526,314.5,314,313.5,313,312.5,315,316,317,317.5,318
1684804175665543387,314.5,314,313.5,313,312.5,315,316,317,317.5,318
1684804185980240255,314.5,314,313.5,313,312.5,315,316,317,317.5,318
1684804192957824544,314.5,314,313.5,313,312.5,315,316,317,317.5,318
1684804197879462572,314.5,314,313.5,313,312.5,315,316,317,317.5,318
1684804198849850430,314.5,314,313.5,313,312.5,315,316,317,317.5,318
1684804206899330534,314.5,314,313.5,313,312.5,315,316,317,317.5,318
1684804208939145796,314.5,314,313.5,313,312.5,315,316,317,317.5,318
1684804216326876686,314.5,314,313.5,313,312.5,315,316,317,317.5,318
1684804217510537849,314.5,314,313.5,313,312.5,315,316,317,317.5,318
1684804221534859176,314.5,314,313.5,313,312.5,315,316,317,317.5,318
1684804223789775556,314.5,314,313.5,313,312.5,315,316,317,317.5,318
1684804224148123031,314.5,314,313.5,313,312.5,315,316,317,317.5,318
1684804227081101791,314.5,314,313.5,313,312.5,315,316,317,317.5,318
1684804228989259805,314.5,314,313.5,313,312.5,315,316,317,317.5,318
1684804231890753764,314.5,314,313.5,313,312.5,315,316,317,317.5,318
1684804233082705424,314.5,314,313.5,313,312.5,315,316,317,317.5,318
1684804233617205971,315,314.5,314,313.5,313,316,317,317.5,318,318.5
1684804233650031470,315,314.5,314,313.5,313,316,317,317.5,318,318.5
1684804233650031470,315,314.5,314,313.5,313,316,317,317.5,318,318.5
1684804233650086353,315,314.5,314,313.5,313,316,317,318,318.5,319
1684804233650111721,315,314.5,314,313.5,313,316,317,318,318.5,319
1684804233650111721,315,314.5,314,313.5,313,316,317,318,318.5,319
1684804233660404165,315,314.5,314,313.5,313,316,317,318,318.5,319
1684804233660439230,315,314.5,314,313.5,313,316,317,318,318.5,319
1684804233681937693,315,314.5,314,313.5,313,316,317,318,318.5,319
1684804234438553635,315,314.5,314,313.5,313,316,317,318,318.5,319
1684804235421694730,315,314.5,314,313.5,313,316,317,318,318.5,319
1684804238842826104,315.5,315,314.5,314,313.5,316,317,318,318.5,319
1684804238874184849,315.5,315,314.5,314,313.5,316,317,318,318.5,319
1684804238874184849,315.5,315,314.5,314,313.5,316,317,318,318.5,319
1684804238874184849,315,314.5,314,313.5,313,316,317,318,318.5,319
1684804238874184849,315,314.5,314,313.5,313,316,317,318,318.5,319
1684804238904195152,315,314.5,314,313.5,313,316,317,318,318.5,319
1684804238904195152,315,314.5,314,313.5,313,316,317,318,318.5,319
1684804238904195152,315,314.5,314,313.5,313,316,317,318,318.5,319
1684804238935420447,315,314.5,314,313.5,313,316,317,318,318.5,319
1684804241203097107,315,314.5,314,313.5,313,316,317,318,318.5,319
1684804247044228907,315,314.5,314,313.5,313,316,317,318,318.5,319
1684804250286456487,315,314.5,314,313.5,313,316,316.5,317,318,318.5
1684804250319758040,315,314.5,314,313.5,313,316,316.5,317,318,318.5
1684804250651632244,315.5,315,314.5,314,313.5,316,316.5,317,318,318.5
1684804250675411458,315.5,315,314.5,314,313.5,316,316.5,317,318,318.5
1684804250675411458,315,314.5,314,313.5,313,316,316.5,317,318,318.5
1684804250675411458,315,314.5,314,313.5,313,315.5,316,316.5,317,318
1684804250728377641,314.5,314,313.5,313,312.5,315.5,316,316.5,317,318
1684804250759849659,314.5,314,313.5,313,312.5,315.5,316,316.5,317,318
1684804250759849659,314.5,314,313.5,313,312.5,315.5,316,316.5,317,317.5
1684804250771466679,314.5,314,313.5,313,312.5,315.5,316,316.5,317,317.5
1684804251972725034,314.5,314,313.5,313,312.5,315.5,316,316.5,317,317.5
1684804257652201867,314.5,314,313.5,313,312.5,315,315.5,316,316.5,317
1684804260686096482,314.5,314,313.5,313,312.5,315,315.5,316,316.5,317
1684804262000744053,314.5,314,313.5,313,312.5,315.5,316,316.5,317,317.5
1684804262046702719,314.5,314,313.5,313,312.5,315.5,316,316.5,317,317.5
1684804263468281080,315,314.5,314,313.5,313,315.5,316,316.5,317,317.5
1684804263501267341,315,314.5,314,313.5,313,315.5,316,316.5,317,318
1684804263501267341,315,314.5,314,313.5,313,315.5,316,316.5,317,318
1684804263531737628,315,314.5,314,313.5,313,315.5,316,316.5,317,318
1684804267627726896,315,314.5,314,313.5,313,315.5,316,316.5,317,318
1684804273203734656,315,314.5,314,313.5,313,315.5,316,316.5,317,318
1684804278306233661,315,314.5,314,313.5,313,315.5,316,316.5,317,318
1684804278371673432,315,314.5,314,313.5,313,315.5,316,316.5,317,318
1684804282408830509,315,314.5,314,313.5,313,315.5,316,316.5,317,318
1684804295136747721,315,314.5,314,313.5,313,315.5,316,316.5,317,318
1684804295179742973,315,314.5,314,313.5,313,315.5,316,316.5,317,318
1684804295235325408,314.5,314,313.5,313,312.5,315.5,316,316.5,317,318
1684804295267879106,314.5,314,313.5,313,312.5,315.5,316,316.5,317,318
1684804295302559528,314.5,314,313.5,313,312.5,315.5,316,316.5,317,317.5
1684804300297759451,314.5,314,313.5,313,312.5,315.5,316,316.5,317,317.5
1684804304905792681,314.5,314,313.5,313,312.5,315.5,316,316.5,317,317.5
1684804308069131627,315,314.5,314,313.5,313,315.5,316,316.5,317,317.5
1684804308101852219,315,314.5,314,313.5,313,315.5,316,316.5,317,318
1684804308132383030,315,314.5,314,313.5,313,315.5,316,316.5,317,318
1684804309801692024,315,314.5,314,313.5,313,315.5,316,316.5,317,318
1684804310951644210,315,314.5,314,313.5,313,315.5,316,316.5,317,318
1684804312245903007,315,314.5,314,313.5,313,315.5,316,316.5,317,318
1684804326366126713,315,314.5,314,313.5,313,315.5,316,316.5,317,318
1684804328448855936,315,314.5,314,313.5,313,315.5,316,316.5,317,318
1684804329720698520,315,314.5,314,313.5,313,315.5,316,316.5,317,318
1684804331812053358,315,314.5,314,313.5,313,315.5,316,316.5,317,318
1684804342306962593,315,314.5,314,313.5,313,315.5,316,316.5,317,318
1684804342832097291,315,314.5,314,313.5,313,315.5,316,316.5,317,318
1684804344783832459,315,314.5,314,313.5,313,315.5,316,316.5,317,318
1684804345047258486,315,314.5,314,313.5,313,315.5,316,316.5,317,318
1684804346844266838,315,314.5,314,313.5,313,315.5,316,316.5,317,318
1684804347145250698,315,314.5,314,313.5,313,315.5,316,316.5,317,318
1684804347398169478,315,314.5,314,313.5,313,315.5,316,316.5,317,318
1684804347430332754,315,314.5,314,313.5,313,316,316.5,317,318,318.5
1684804347460637981,315,314.5,314,313.5,313,316,316.5,317,318,318.5
1684804347460704105,315,314.5,314,313.5,313,316,316.5,317,318,318.5
1684804347460728992,315,314.5,314,313.5,313,316,316.5,317,318,318.5
1684804350048291492,315.5,315,314.5,314,313.5,316,316.5,317,318,318.5
1684804350081335041,315.5,315,314.5,314,313.5,316,316.5,317,318,318.5
1684804350113869273,315.5,315,314.5,314,313.5,316,316.5,317,318,318.5
1684804351742919078,315.5,315,314.5,314,313.5,316,316.5,317,318,318.5
1684804352749138693,315.5,315,314.5,314,313.5,316,316.5,317,318,318.5
1684804352915429800,315.5,315,314.5,314,313.5,316,316.5,317,318,318.5
1684804352915429800,315.5,315,314.5,314,313.5,316,316.5,317,318,318.5
1684804355412510284,315.5,315,314.5,314,313.5,316,316.5,317,318,318.5
1684804359604780500,315.5,315,314.5,314,313.5,316,316.5,317,318,318.5
1684804361004140017,315.5,315,314.5,314,313.5,316,316.5,317,318,318.5
1684804364270851248,315.5,315,314.5,314,313.5,316,316.5,317,318,318.5
1684804371459408544,315.5,315,314.5,314,313.5,316,316.5,317,318,318.5
1684804372179236426,315.5,315,314.5,314,313.5,316,316.5,317,318,318.5
1684804373521041298,315.5,315,314.5,314,313.5,316,316.5,317,318,318.5
1684804375450210914,315.5,315,314.5,314,313.5,316,316.5,317,318,318.5
1684804375484805074,315.5,315,314.5,314,313.5,316.5,317,318,318.5,319
1684804382165087782,315.5,315,314.5,314,313.5,316.5,317,318,318.5,319
1684804382197219118,315.5,315,314.5,314,313.5,316.5,317,318,318.5,319
1684804385217961893,315.5,315,314.5,314,313.5,316.5,317,318,318.5,319
1684804385250711801,315.5,315,314.5,314,313.5,317,318,318.5,319,319.5
1684804385283580681,315.5,315,314.5,314,313.5,317,318,318.5,319,319.5
1684804385283676071,315.5,315,314.5,314,313.5,317,318,318.5,319,319.5
1684804385296806964,315.5,315,314.5,314,313.5,317,318,318.5,319,319.5
1684804385305096317,315.5,315,314.5,314,313.5,317,318,318.5,319,319.5
1684804387932612007,315.5,315,314.5,314,313.5,317,318,318.5,319,319.5
1684804394346092075,315.5,315,314.5,314,313.5,317,318,318.5,319,319.5
1684804398320489092,316,315.5,315,314.5,314,317,318,318.5,319,319.5
1684804398352989661,316,315.5,315,314.5,314,317,318,318.5,319,319.5
1684804398352989661,316,315.5,315,314.5,314,317,318,318.5,319,319.5
1684804398363109150,316,315.5,315,314.5,314,317,318,318.5,319,319.5
1684804398388021162,316,315.5,315,314.5,314,317,318,318.5,319,319.5
1684804398775840896,316,315.5,315,314.5,314,317,318,318.5,319,319.5
1684804398900313161,316,315.5,315,314.5,314,317,318,318.5,319,319.5
1684804399774689236,316,315.5,315,314.5,314,317,318,318.5,319,319.5
1684804400550639899,316,315.5,315,314.5,314,317,318,318.5,319,319.5
1684804402998883052,316.5,316,315.5,315,314.5,317,318,318.5,319,319.5
1684804403019409951,316.5,316,315.5,315,314.5,317,318,318.5,319,319.5
1684804403019434537,316.5,316,315.5,315,314.5,317,318,318.5,319,319.5
1684804403042291210,316.5,316,315.5,315,314.5,317,318,318.5,319,319.5
1684804403042291210,316,315.5,315,314.5,314,317,318,318.5,319,319.5
1684804403064472775,316,315.5,315,314.5,314,317,318,318.5,319,319.5
1684804403087761700,316,315.5,315,314.5,314,317,318,318.5,319,319.5
1684804407608242152,316,315.5,315,314.5,314,317,318,318.5,319,319.5
1684804407642827987,315.5,315,314.5,314,313.5,317,318,318.5,319,319.5
1684804407676094584,315.5,315,314.5,314,313.5,317,318,318.5,319,319.5
1684804407676094584,315.5,315,314.5,314,313.5,317,318,318.5,319,319.5
1684804407687199303,315.5,315,314.5,314,313.5,317,318,318.5,319,319.5
1684804407709502807,315.5,315,314.5,314,313.5,317,318,318.5,319,319.5
1684804407709502807,315.5,315,314.5,314,313.5,317,318,318.5,319,319.5
1684804408101632534,316.5,315.5,315,314.5,314,317,318,318.5,319,319.5
1684804408134737448,316.5,315.5,315,314.5,314,317,318,318.5,319,319.5
1684804408134737448,315.5,315,314.5,314,313.5,317,318,318.5,319,319.5
1684804408154797270,315.5,315,314.5,314,313.5,317,318,318.5,319,319.5
1684804408154797270,315.5,315,314.5,314,313.5,316.5,317,318,318.5,319
1684804408154876298,315.5,315,314.5,314,313.5,316.5,317,318,318.5,319
1684804408154876298,315.5,315,314.5,314,313.5,317,318,318.5,319,319.5
1684804408178233872,315.5,315,314.5,314,313.5,317,318,318.5,319,319.5
1684804408178265671,315.5,315,314.5,314,313.5,317,318,318.5,319,319.5
1684804408748910868,315.5,315,314.5,314,313.5,317,318,318.5,319,319.5
1684804416133065102,316,315.5,315,314.5,314,317,318,318.5,319,319.5
1684804416169578014,316,315.5,315,314.5,314,317,318,318.5,319,319.5
1684804416209880581,316,315.5,315,314.5,314,317,318,318.5,319,319.5
1684804416560200832,316,315.5,315,314.5,314,317,318,318.5,319,319.5
1684804416602845106,316,315.5,315,314.5,314,317,318,318.5,319,319.5
1684804417530825664,316,315.5,315,314.5,314,317,318,318.5,319,319.5
1684804423360083740,316,315.5,315,314.5,314,317,318,318.5,319,319.5
1684804423389571082,315.5,315,314.5,314,313.5,317,318,318.5,319,319.5
1684804423422309709,315.5,315,314.5,314,313.5,317,318,318.5,319,319.5
1684804423422309709,315.5,315,314.5,314,313.5,317,318,318.5,319,319.5
1684804423456596832,315.5,315,314.5,314,313.5,316.5,317,318,318.5,319
1684804423456596832,315.5,315,314.5,314,313.5,316.5,317,318,318.5,319
1684804423456596832,315.5,315,314.5,314,313.5,316.5,317,318,318.5,319
1684804423468908136,315,314.5,314,313.5,313,316.5,317,318,318.5,319
1684804423479104660,315,314.5,314,313.5,313,316.5,317,318,318.5,319
1684804423479104660,315,314.5,314,313.5,313,315.5,316.5,317,318,318.5
1684804423479104660,315,314.5,314,313.5,313,315.5,316.5,317,318,318.5
1684804423489270356,315,314.5,314,313.5,313,315.5,316.5,317,318,318.5
1684804423489270356,315,314.5,314,313.5,313,315.5,316.5,317,318,318.5
1684804423502062002,315,314.5,314,313.5,313,315.5,316.5,317,318,318.5
1684804428713793625,315,314.5,314,313.5,313,315.5,316,316.5,317,318
1684804428953509208,315,314.5,314,313.5,313,316,316.5,317,318,318.5
1684804428984353307,315,314.5,314,313.5,313,316,316.5,317,318,318.5
1684804436882564508,315,314.5,314,313.5,313,316,316.5,317,318,318.5
1684804448729213540,315,314.5,314,313.5,313,315.5,316,316.5,317,318
1684804448761910989,315,314.5,314,313.5,313,315.5,316,316.5,317,318
1684804450908866127,315,314.5,314,313.5,313,315.5,316,316.5,317,318
1684804461937453664,315,314.5,314,313.5,313,315.5,316,316.5,317,318
1684804468729343562,315,314.5,314,313.5,313,315.5,316,316.5,317,318
1684804468729343562,315,314.5,314,313.5,313,316,316.5,317,318,318.5
1684804468761891800,315,314.5,314,313.5,313,316.5,317,318,318.5,319
1684804468782357054,315,314.5,314,313.5,313,316,316.5,317,318,318.5
1684804468793233414,315,314.5,314,313.5,313,316,317,318,318.5,319
1684804468802855840,315,314.5,314,313.5,313,316,317,318,318.5,319
1684804468813141030,315,314.5,314,313.5,313,316,317,318,318.5,319
1684804468825557442,315,314.5,314,313.5,313,316,317,318,318.5,319
1684804471350594037,315.5,315,314.5,314,313.5,316,317,318,318.5,319
1684804471381353738,315.5,315,314.5,314,313.5,316,317,318,318.5,319
1684804471381353738,315.5,315,314.5,314,313.5,317,318,318.5,319,319.5
1684804471401809704,315.5,315,314.5,314,313.5,317,318,318.5,319,319.5
1684804471412195784,315.5,315,314.5,314,313.5,316.5,317,318,318.5,319
1684804471412195784,315.5,315,314.5,314,313.5,316.5,317,318,318.5,319
1684804471442786728,315.5,315,314.5,314,313.5,316.5,317,318,318.5,319
1684804479436193976,315.5,315,314.5,314,313.5,316.5,317,318,318.5,319
1684804479446440103,315.5,315,314.5,314,313.5,316.5,317,318,318.5,319
1684804479465956696,315.5,315,314.5,314,313.5,316.5,317,318,318.5,319
1684804479487443006,315.5,315,314.5,314,313.5,316.5,317,318,318.5,319
1684804488673993353,315,314.5,314,313.5,313,315.5,316.5,317,318,318.5
1684804488704746953,315,314.5,314,313.5,313,315.5,316.5,317,318,318.5
1684804488704746953,315,314.5,314,313.5,313,315.5,316.5,317,318,318.5
1684804488704746953,314.5,314,313.5,313,312.5,315.5,316.5,317,318,318.5
1684804488715384966,314.5,314,313.5,313,312.5,315.5,316.5,317,318,318.5
1684804488715895524,314.5,314,313.5,313,312.5,315.5,316.5,317,318,318.5
1684804488726203237,314.5,314,313.5,313,312.5,315.5,316.5,317,318,318.5
1684804488726203237,314.5,314,313.5,313,312.5,315.5,316.5,317,318,318.5
1684804488738481219,314.5,314,313.5,313,312.5,315.5,316.5,317,317.5,318
1684804495978996702,314.5,314,313.5,313,312.5,315.5,316.5,317,317.5,318
1684804496208469645,314.5,314,313.5,313,312.5,315.5,316.5,317,317.5,318
1684804496228901436,314.5,314,313.5,313,312.5,315.5,316.5,317,317.5,318
1684804496259661207,314.5,314,313.5,313,312.5,315.5,316.5,317,317.5,318
1684804496482954107,314.5,314,313.5,313,312.5,315.5,316.5,317,317.5,318
1684804498839160702,314.5,314,313.5,313,312.5,315.5,316.5,317,317.5,318
1684804503490472836,314.5,314,313.5,313,312.5,315.5,316,316.5,317,317.5
1684804506946393805,314.5,314,313.5,313,312.5,315.5,316,316.5,317,317.5
1684804507981533551,314.5,314,313.5,313,312.5,315.5,316,316.5,317,317.5
1684804508014280763,314.5,314,313.5,313,312.5,315.5,316,316.5,317,317.5
1684804511147418792,314.5,314,313.5,313,312.5,315.5,316,316.5,317,317.5
1684804511910061047,314.5,314,313.5,313,312.5,315.5,316,316.5,317,317.5
1684804513952869191,314.5,314,313.5,313,312.5,315.5,316,316.5,317,317.5
1684804521339802047,314.5,314,313.5,313,312.5,315.5,316,316.5,317,317.5
1684804524575811580,314.5,314,313.5,313,312.5,315.5,316,316.5,317,317.5
1684804525660228475,315,314.5,314,313.5,313,315.5,316,316.5,317,317.5
1684804525692912969,315,314.5,314,313.5,313,315.5,316,316.5,317,318
1684804525692912969,315,314.5,314,313.5,313,315.5,316,316.5,317,318
1684804532036620594,315,314.5,314,313.5,313,315.5,316,316.5,317,318
1684804532175077877,315,314.5,314,313.5,313,315.5,316,316.5,317,318
1684804545002914618,315,314.5,314,313.5,313,316,316.5,317,318,318.5
1684804545035432490,315,314.5,314,313.5,313,316,316.5,317,318,318.5
1684804545070582654,315,314.5,314,313.5,313,316,316.5,317,318,318.5
1684804545848748065,315,314.5,314,313.5,313,315.5,316,316.5,317,318
1684804545881777227,315,314.5,314,313.5,313,315.5,316,316.5,317,318
1684804545881777227,315,314.5,314,313.5,313,316,316.5,317,318,318.5
1684804546828535330,315,314.5,314,313.5,313,316,316.5,317,318,318.5
1684804546861240734,315,314.5,314,313.5,313,316,316.5,317,318,318.5
1684804547973282226,315,314.5,314,313.5,313,316,316.5,317,318,318.5
1684804548596250846,315,314.5,314,313.5,313,316,316.5,317,318,318.5
1684804555936636210,315,314.5,314,313.5,313,316,316.5,317,318,318.5
1684804556918999092,315,314.5,314,313.5,313,316,316.5,317,318,318.5
1684804561976083764,315,314.5,314,313.5,313,316,316.5,317,318,318.5
1684804563782166497,315,314.5,314,313.5,313,316,316.5,317,318,318.5
1684804566905162438,315,314.5,314,313.5,313,316,316.5,317,318,318.5
1684804568715742856,315,314.5,314,313.5,313,316,316.5,317,318,318.5
1684804570932519185,315,314.5,314,313.5,313,316,316.5,317,318,318.5
1684804573240852151,315,314.5,314,313.5,313,316.5,317,318,318.5,319
1684804573273475141,315,314.5,314,313.5,313,316.5,317,318,318.5,319
1684804573273475141,315,314.5,314,313.5,313,316.5,317,318,318.5,319
1684804573273475141,315,314.5,314,313.5,313,316.5,317,318,318.5,319
1684804573283628033,315,314.5,314,313.5,313,316.5,317,318,318.5,319
1684804573304068189,315,314.5,314,313.5,313,316.5,317,318,318.5,319
1684804574673360551,315,314.5,314,313.5,313,316.5,317,318,318.5,319
1684804574704008592,315,314.5,314,313.5,313,316.5,317,318,318.5,319
1684804574884491739,315,314.5,314,313.5,313,316.5,317,318,318.5,319
1684804574917261444,315.5,315,314.5,314,313.5,316.5,317,318,318.5,319
1684804574948536112,315.5,315,314.5,314,313.5,316.5,317,318,318.5,319
1684804574948536112,315.5,315,314.5,314,313.5,316.5,317,318,318.5,319
1684804574968501256,315.5,315,314.5,314,313.5,316.5,317,318,318.5,319
1684804576604617539,315.5,315,314.5,314,313.5,316.5,317,318,318.5,319
1684804579077783009,315.5,315,314.5,314,313.5,316.5,317,318,318.5,319
1684804579108397798,315.5,315,314.5,314,313.5,316.5,317,318,318.5,319
1684804579141103603,315.5,315,314.5,314,313.5,316.5,317,318,318.5,319
1684804586016444366,315.5,315,314.5,314,313.5,316.5,317,318,318.5,319
1684804586439301850,315.5,315,314.5,314,313.5,316.5,317,318,318.5,319
1684804589201038995,315.5,315,314.5,314,313.5,316.5,317,318,318.5,319
1684804589675041674,316,315.5,315,314.5,314,316.5,317,318,318.5,319
1684804589707863357,316,315.5,315,314.5,314,316.5,317,318,318.5,319
1684804594304269620,316,315.5,315,314.5,314,316.5,317,318,318.5,319
1684804595140109578,316,315.5,315,314.5,314,316.5,317,318,318.5,319
1684804596101877676,316,315.5,315,314.5,314,316.5,317,318,318.5,319
1684804598027992784,316,315.5,315,314.5,314,316.5,317,318,318.5,319
1684804599305931281,316,315.5,315,314.5,314,316.5,317,318,318.5,319
1684804601509601329,316,315.5,315,314.5,314,316.5,317,318,318.5,319
1684804603577279482,316,315.5,315,314.5,314,316.5,317,318,318.5,319
1684804610502662212,316,315.5,315,314.5,314,316.5,317,318,318.5,319
1684804615567650666,316,315.5,315,314.5,314,316.5,317,318,318.5,319
1684804634182885000,316,315.5,315,314.5,314,316.5,317,318,318.5,319
1684804643906715760,316,315.5,315,314.5,314,316.5,317,318,318.5,319
1684804650258702059,316,315.5,315,314.5,314,316.5,317,318,318.5,319
1684804661761451597,316,315.5,315,314.5,314,316.5,317,318,318.5,319
1684804662347253142,316,315.5,315,314.5,314,316.5,317,318,318.5,319
1684804669772266844,316,315.5,315,314.5,314,316.5,317,318,318.5,319
1684804670347678863,316,315.5,315,314.5,314,317,318,318.5,319,319.5
1684804670380780511,316,315.5,315,314.5,314,317,318,318.5,319,319.5
1684804670411169787,316,315.5,315,314.5,314,317,318,318.5,319,319.5
1684804672096817178,316.5,316,315.5,315,314.5,317,318,318.5,319,319.5
1684804672117837844,316.5,316,315.5,315,314.5,317,318,318.5,319,319.5
1684804674590228458,316.5,316,315.5,315,314.5,317,318,318.5,319,319.5
1684804677544682520,316.5,316,315.5,315,314.5,317,318,318.5,319,319.5
1684804680012485001,316.5,316,315.5,315,314.5,317,317.5,318,318.5,319
1684804680064495141,316.5,316,315.5,315,314.5,317,317.5,318,318.5,319
1684804683888310674,316.5,316,315.5,315,314.5,317,317.5,318,318.5,319
1684804685385827260,316.5,316,315.5,315,314.5,317,317.5,318,318.5,319
1684804685593492723,316.5,316,315.5,315,314.5,317,317.5,318,318.5,319
1684804687073930413,316.5,316,315.5,315,314.5,317,317.5,318,318.5,319
1684804687277690123,316.5,316,315.5,315,314.5,317,317.5,318,318.5,319
1684804687287935849,316.5,316,315.5,315,314.5,317,317.5,318,318.5,319
1684804687999613598,316.5,316,315.5,315,314.5,317,317.5,318,318.5,319
1684804689295957772,316.5,316,315.5,315,314.5,317,317.5,318,318.5,319
1684804691733206931,316.5,316,315.5,315,314.5,317,317.5,318,318.5,319
1684804696564436575,316.5,316,315.5,315,314.5,317,317.5,318,318.5,319
1684804701275203811,316.5,316,315.5,315,314.5,317,317.5,318,318.5,319
1684804701769527848,316.5,316,315.5,315,314.5,317,317.5,318,318.5,319
1684804702527454991,316.5,316,315.5,315,314.5,317,317.5,318,318.5,319
1684804704215926548,316.5,316,315.5,315,314.5,317,317.5,318,318.5,319
1684804706879383518,316.5,316,315.5,315,314.5,317.5,318,318.5,319,319.5
1684804706912115372,316.5,316,315.5,315,314.5,317.5,318,318.5,319,319.5
1684804706945511784,316.5,316,315.5,315,314.5,317.5,318,318.5,319,319.5
1684804710591505123,317,316.5,316,315.5,315,317.5,318,318.5,319,319.5
1684804710622118450,317,316.5,316,315.5,315,317.5,318,318.5,319,319.5
1684804710869010502,317,316.5,316,315.5,315,317.5,318,318.5,319,319.5
1684804714629020509,317,316.5,316,315.5,315,317.5,318,318.5,319,319.5
1684804718354358862,317,316.5,316,315.5,315,317.5,318,318.5,319,319.5
1684804723241609305,317,316.5,316,315.5,315,317.5,318,318.5,319,319.5
1684804723269629383,316.5,316,315.5,315,314.5,317.5,318,318.5,319,319.5
1684804723269629383,316.5,316,315.5,315,314.5,317,317.5,318,318.5,319
1684804723300419572,316.5,316,315.5,315,314.5,317,317.5,318,318.5,319
1684804723300419572,316.5,316,315.5,315,314.5,317,317.5,318,318.5,319
1684804729466303943,316.5,316,315.5,315,314.5,317,317.5,318,318.5,319
1684804730630425953,316.5,316,315.5,315,314.5,317,317.5,318,318.5,319
1684804731459170238,316.5,316,315.5,315,314.5,317,317.5,318,318.5,319
1684804732059745974,316.5,316,315.5,315,314.5,317.5,318,318.5,319,319.5
1684804735365136195,316.5,316,315.5,315,314.5,317.5,318,318.5,319,319.5
1684804735396039697,316.5,316,315.5,315,314.5,317.5,318,318.5,319,319.5
1684804742070424249,317,316.5,316,315.5,315,317.5,318,318.5,319,319.5
1684804743566451284,317,316.5,316,315.5,315,317.5,318,318.5,319,319.5
1684804749400259389,317,316.5,316,315.5,315,317.5,318,318.5,319,319.5
1684804753515920908,317,316.5,316,315.5,315,317.5,318,318.5,319,319.5
1684804758965578550,317,316.5,316,315.5,315,317.5,318,318.5,319,319.5
1684804759797146018,317,316.5,316,315.5,315,317.5,318,318.5,319,319.5
1684804768323384651,317,316.5,316,315.5,315,317.5,318,318.5,319,319.5
1684804771748433311,317,316.5,316,315.5,315,317.5,318,318.5,319,319.5
1684804774333108331,317,316.5,316,315.5,315,317.5,318,318.5,319,319.5
1684804778519800177,317,316.5,316,315.5,315,317.5,318,318.5,319,319.5
1684804780462886698,317,316.5,316,315.5,315,317.5,318,318.5,319,319.5
1684804780692076755,317,316.5,316,315.5,315,317.5,318,318.5,319,319.5
1684804783072855618,317,316.5,316,315.5,315,317.5,318,318.5,319,319.5
1684804789872230025,317,316.5,316,315.5,315,317.5,318,318.5,319,319.5
1684804790157903541,317,316.5,316,315.5,315,317.5,318,318.5,319,319.5
1684804795308871756,317,316.5,316,315.5,315,317.5,318,318.5,319,319.5
1684804795880254545,317,316.5,316,315.5,315,317.5,318,318.5,319,319.5
1684804796218653133,317,316.5,316,315.5,315,318,318.5,319,319.5,320
1684804798466250419,317,316.5,316,315.5,315,318,318.5,319,319.5,320
1684804798496473844,317,316.5,316,315.5,315,318,318.5,319,319.5,320
1684804799249167948,317,316.5,316,315.5,315,318,318.5,319,319.5,320
1684804799648627008,317,316.5,316,315.5,315,318,318.5,319,319.5,320
1684804800134993739,317,316.5,316,315.5,315,318,318.5,319,319.5,320
1684804803651458463,317,316.5,316,315.5,315,318,318.5,319,319.5,320
1684804806728679511,317,316.5,316,315.5,315,318,318.5,319,319.5,320
1684804809221182062,317.5,317,316.5,316,315.5,318,318.5,319,319.5,320
1684804809253819420,317.5,317,316.5,316,315.5,318,318.5,319,319.5,320
1684804809253819420,317,316.5,316,315.5,315,318,318.5,319,319.5,320
1684804809266097402,317,316.5,316,315.5,315,317.5,318,318.5,319,319.5
1684804809286571903,317,316.5,316,315.5,315,318,318.5,319,319.5,320
1684804809299806631,317,316.5,316,315.5,315,318,318.5,319,319.5,320
1684804809299806631,317,316.5,316,315.5,315,317.5,318,318.5,319,319.5
1684804809299806631,317,316.5,316,315.5,315,317.5,318,318.5,319,319.5
1684804809318293971,317,316.5,316,315.5,315,317.5,318,318.5,319,319.5
1684804809330525947,317,316.5,316,315.5,315,317.5,318,318.5,319,319.5
1684804811107334823,317,316.5,316,315.5,315,317.5,318,318.5,319,319.5
1684804811381238922,317,316.5,316,315.5,315,317.5,318,318.5,319,319.5
1684804811487135675,317,316.5,316,315.5,315,317.5,318,318.5,319,319.5
1684804811761521418,317,316.5,316,315.5,315,317.5,318,318.5,319,319.5
1684804820417675454,317,316.5,316,315.5,315,317.5,318,318.5,319,319.5
1684804820494333581,317,316.5,316,315.5,315,317.5,318,318.5,319,319.5
1684804821098589301,317,316.5,316,315.5,315,317.5,318,318.5,319,319.5
1684804825558176238,317,316.5,316,315.5,315,317.5,318,318.5,319,319.5
1684804826514426033,317,316.5,316,315.5,315,317.5,318,318.5,319,319.5
1684804827055204403,317,316.5,316,315.5,315,317.5,318,318.5,319,319.5
1684804828776542544,317,316.5,316,315.5,315,317.5,318,318.5,319,319.5
1684804829220270120,317,316.5,316,315.5,315,317.5,318,318.5,319,319.5
1684804836486552970,317,316.5,316,315.5,315,317.5,318,318.5,319,319.5
1684804837862567391,317,316.5,316,315.5,315,318,318.5,319,319.5,320
1684804843447580111,317,316.5,316,315.5,315,318,318.5,319,319.5,320
1684804843480375635,317,316.5,316,315.5,315,318,318.5,319,319.5,320
1684804844025058537,317.5,317,316.5,316,315.5,318,318.5,319,319.5,320
1684804844055817587,317,316.5,316,315.5,315,318,318.5,319,319.5,320
1684804847810978981,317,316.5,316,315.5,315,318,318.5,319,319.5,320
1684804852807985342,317,316.5,316,315.5,315,318,318.5,319,319.5,320
1684804858963226453,317,316.5,316,315.5,315,318,318.5,319,319.5,320
1684804863376842121,317,316.5,316,315.5,315,318,318.5,319,319.5,320
1684804870706740670,317,316.5,316,315.5,315,317.5,318,318.5,319,319.5
1684804870727228516,317,316.5,316,315.5,315,317.5,318,318.5,319,319.5
1684804870727228516,317,316.5,316,315.5,315,317.5,318,318.5,319,319.5
1684804876231281787,317,316.5,316,315.5,315,317.5,318,318.5,319,319.5
1684804879891003630,317,316.5,316,315.5,315,317.5,318,318.5,319,319.5
1684804880553594608,317,316.5,316,315.5,315,317.5,318,318.5,319,319.5
1684804890084549507,317,316.5,316,315.5,315,317.5,318,318.5,319,319.5
1684804902710087871,317,316.5,316,315.5,315,317.5,318,318.5,319,319.5
1684804903858428236,317,316.5,316,315.5,315,317.5,318,318.5,319,319.5
1684804907649927952,317,316.5,316,315.5,315,317.5,318,318.5,319,319.5
1684804919251026885,317,316.5,316,315.5,315,317.5,318,318.5,319,319.5
1684804924437931802,317,316.5,316,315.5,315,317.5,318,318.5,319,319.5
1684804925257953132,317,316.5,316,315.5,315,318,318.5,319,319.5,320
1684804928663825770,317.5,317,316.5,316,315.5,318,318.5,319,319.5,320
1684804928684228447,317,316.5,316,315.5,315,318,318.5,319,319.5,320
1684804928684228447,317,316.5,316,315.5,315,317.5,318,318.5,319,319.5
1684804928704635622,317,316.5,316,315.5,315,317.5,318,318.5,319,319.5
1684804937513826174,317,316.5,316,315.5,315,317.5,318,318.5,319,319.5
1684804938504506481,317,316.5,316,315.5,315,317.5,318,318.5,319,319.5
1684804959213041180,317,316.5,316,315.5,315,317.5,318,318.5,319,319.5
1684804959243903275,317,316.5,316,315.5,315,317.5,318,318.5,319,319.5
1684804959274499290,316.5,316,315.5,315,314.5,317.5,318,318.5,319,319.5
1684804959305212815,316.5,316,315.5,315,314.5,317.5,318,318.5,319,319.5
1684804959315630835,316.5,316,315.5,315,314.5,317.5,318,318.5,319,319.5
1684804959775176625,316.5,316,315.5,315,314.5,317.5,318,318.5,319,319.5
1684804959808549343,316.5,316,315.5,315,314.5,317.5,318,318.5,319,319.5
1684804961695087308,316.5,316,315.5,315,314.5,317.5,318,318.5,319,319.5
1684804966545213431,316.5,316,315.5,315,314.5,317.5,318,318.5,319,319.5
1684804967907058452,316.5,316,315.5,315,314.5,317.5,318,318.5,319,319.5
1684804970141938140,316.5,316,315.5,315,314.5,317.5,318,318.5,319,319.5
1684804974143109068,316.5,316,315.5,315,314.5,317.5,318,318.5,319,319.5
1684804974796635603,316.5,316,315.5,315,314.5,317.5,318,318.5,319,319.5
1684804978903977782,316.5,316,315.5,315,314.5,317.5,318,318.5,319,319.5
1684804980080455392,316.5,316,315.5,315,314.5,317,317.5,318,318.5,319
1684804980105023369,316.5,316,315.5,315,314.5,317,317.5,318,318.5,319
1684804980105067011,316,315.5,315,314.5,314,317,317.5,318,318.5,319
1684804980105067011,316,315.5,315,314.5,314,317,317.5,318,318.5,319
1684804980137714808,316,315.5,315,314.5,314,317,317.5,318,318.5,319
1684804980137714808,316,315.5,315,314.5,314,317,317.5,318,318.5,319
1684804980150021915,316,315.5,315,314.5,314,317,317.5,318,318.5,319
1684804980840555171,316,315.5,315,314.5,314,317,317.5,318,318.5,319
1684804982019789146,316,315.5,315,314.5,314,317,317.5,318,318.5,319
1684804982042270716,316,315.5,315,314.5,314,317,317.5,318,318.5,319
1684804982085341122,316,315.5,315,314.5,314,317,317.5,318,318.5,319
1684804983116579972,316,315.5,315,314.5,314,317,317.5,318,318.5,319
1684804983921460167,316,315.5,315,314.5,314,317,317.5,318,318.5,319
1684804986139483740,316,315.5,315,314.5,314,317,317.5,318,318.5,319
1684804988702704561,316,315.5,315,314.5,314,317,317.5,318,318.5,319
1684804991057790843,316,315.5,315,314.5,314,317,317.5,318,318.5,319
1684804991615010970,316,315.5,315,314.5,314,317,317.5,318,318.5,319
1684804995690325963,316,315.5,315,314.5,314,317,317.5,318,318.5,319
1684804995881299531,316,315.5,315,314.5,314,317,317.5,318,318.5,319
1684804997878656458,316,315.5,315,314.5,314,317,317.5,318,318.5,319
1684804998780902321,316,315.5,315,314.5,314,317,317.5,318,318.5,319
1684805007683751757,316,315.5,315,314.5,314,317,317.5,318,318.5,319
1684805009187954513,316,315.5,315,314.5,314,316.5,317,317.5,318,318.5
1684805009220643047,316,315.5,315,314.5,314,316.5,317,317.5,318,318.5
1684805009220643047,316,315.5,315,314.5,314,316.5,317,317.5,318,318.5
1684805009251435090,316,315.5,315,314.5,314,316.5,317,317.5,318,318.5
1684805010182257487,316,315.5,315,314.5,314,316.5,317,317.5,318,318.5
1684805015394345392,316,315.5,315,314.5,314,316.5,317,317.5,318,318.5
1684805018533970715,316,315.5,315,314.5,314,316.5,317,317.5,318,318.5
1684805019722881111,316,315.5,315,314.5,314,316.5,317,317.5,318,318.5
1684805019821159242,316,315.5,315,314.5,314,316.5,317,317.5,318,318.5
1684805025332366155,316,315.5,315,314.5,314,316.5,317,317.5,318,318.5
1684805040760570644,316,315.5,315,314.5,314,316.5,317,317.5,318,318.5
1684805041134002565,316,315.5,315,314.5,314,316.5,317,317.5,318,318.5
1684805043022216097,316,315.5,315,314.5,314,316.5,317,317.5,318,318.5
1684805046831614038,316,315.5,315,314.5,314,316.5,317,317.5,318,318.5
1684805050089977513,316,315.5,315,314.5,314,316.5,317,317.5,318,318.5
1684805050203774601,316,315.5,315,314.5,314,316.5,317,317.5,318,318.5
1684805051529789909,316,315.5,315,314.5,314,316.5,317,317.5,318,318.5
1684805051613606798,316,315.5,315,314.5,314,316.5,317,317.5,318,318.5
1684805054795233970,316,315.5,315,314.5,314,316.5,317,317.5,318,318.5
1684805057371587220,316,315.5,315,314.5,314,316.5,317,317.5,318,318.5
1684805060307578043,315.5,315,314.5,314,313.5,316.5,317,317.5,318,318.5
1684805060348529540,315.5,315,314.5,314,313.5,316.5,317,317.5,318,318.5
1684805060379404710,315.5,315,314.5,314,313.5,316.5,317,317.5,318,318.5
1684805065723466238,315.5,315,314.5,314,313.5,316,316.5,317,317.5,318
1684805065754339875,315.5,315,314.5,314,313.5,316,316.5,317,317.5,318
1684805065754339875,315.5,315,314.5,314,313.5,316,316.5,317,317.5,318
1684805065754339875,315.5,315,314.5,314,313.5,316,316.5,317,317.5,318
1684805065784960165,315.5,315,314.5,314,313.5,316,316.5,317,317.5,318
1684805066719156040,315.5,315,314.5,314,313.5,316,316.5,317,317.5,318
1684805066899034138,315.5,315,314.5,314,313.5,316,316.5,317,317.5,318
1684805069358695467,315.5,315,314.5,314,313.5,316,316.5,317,317.5,318
1684805072873117577,315.5,315,314.5,314,313.5,316,316.5,317,317.5,318
1684805081926456363,315.5,315,314.5,314,313.5,316,316.5,317,317.5,318
1684805088768798448,315.5,315,314.5,314,313.5,316,316.5,317,317.5,318
1684805095945176771,315.5,315,314.5,314,313.5,316,316.5,317,317.5,318
1684805097022665584,315.5,315,314.5,314,313.5,316.5,317,317.5,318,318.5
1684805097042804908,315.5,315,314.5,314,313.5,316.5,317,317.5,318,318.5
1684805097064333570,315.5,315,314.5,314,313.5,316.5,317,317.5,318,318.5
1684805097064333570,315.5,315,314.5,314,313.5,316.5,317,317.5,318,318.5
1684805097064382030,315.5,315,314.5,314,313.5,316.5,317,317.5,318,318.5
1684805098449777948,315.5,315,314.5,314,313.5,316,316.5,317,317.5,318
1684805098480737743,315.5,315,314.5,314,313.5,316,316.5,317,317.5,318
1684805098480737743,315.5,315,314.5,314,313.5,316.5,317,317.5,318,318.5
1684805098493063600,315.5,315,314.5,314,313.5,317,317.5,318,318.5,319
1684805098493063600,315.5,315,314.5,314,313.5,317,317.5,318,318.5,319
1684805098533883514,315.5,315,314.5,314,313.5,317,317.5,318,318.5,319
1684805098533883514,315.5,315,314.5,314,313.5,317,317.5,318,318.5,319
1684805100323059450,315.5,315,314.5,314,313.5,317.5,318,318.5,319,319.5
1684805100355537145,316,315.5,315,314.5,314,317.5,318,318.5,319,319.5
1684805100355537145,316,315.5,315,314.5,314,317.5,318,318.5,319,319.5
1684805100355586798,316,315.5,315,314.5,314,317.5,318,318.5,319,319.5
1684805100388330281,316,315.5,315,314.5,314,317.5,318,318.5,319,319.5
1684805100388330281,316,315.5,315,314.5,314,317.5,318,318.5,319,319.5
1684805100388330281,316,315.5,315,314.5,314,317.5,318,318.5,319,319.5
1684805100398530918,316,315.5,315,314.5,314,317.5,318,318.5,319,319.5
1684805100419045336,316,315.5,315,314.5,314,317.5,318,318.5,319,319.5
1684805101773809816,316,315.5,315,314.5,314,317.5,318,318.5,319,319.5
1684805102006291219,316.5,316,315.5,315,314.5,317.5,318,318.5,319,319.5
1684805102038069801,316.5,316,315.5,315,314.5,317.5,318,318.5,319,319.5
1684805102038069801,316.5,316,315.5,315,314.5,317.5,318,318.5,319,319.5
1684805102050245837,316.5,316,315.5,315,314.5,317.5,318,318.5,319,319.5
1684805102073523531,316.5,316,315.5,315,314.5,317.5,318,318.5,319,319.5
1684805102690287354,316.5,316,315.5,315,314.5,317.5,318,318.5,319,319.5
1684805107542382174,316.5,316,315.5,315,314.5,317.5,318,318.5,319,319.5
1684805112595508115,316.5,316,315.5,315,314.5,317.5,318,318.5,319,319.5
1684805112974433840,316.5,316,315.5,315,314.5,317.5,318,318.5,319,319.5
1684805117030610400,316.5,316,315.5,315,314.5,317.5,318,318.5,319,319.5
1684805117407212804,316.5,316,315.5,315,314.5,317.5,318,318.5,319,319.5
1684805119736010485,316.5,316,315.5,315,314.5,317.5,318,318.5,319,319.5
1684805121097887809,316.5,316,315.5,315,314.5,317.5,318,318.5,319,319.5
1684805128714478246,316.5,316,315.5,315,314.5,317.5,318,318.5,319,319.5
1684805131429270896,316.5,316,315.5,315,314.5,317.5,318,318.5,319,319.5
1684805133487390297,316.5,316,315.5,315,314.5,317.5,318,318.5,319,319.5
1684805143402026978,316.5,316,315.5,315,314.5,317.5,318,318.5,319,319.5
1684805147444805472,317,316.5,316,315.5,315,317.5,318,318.5,319,319.5
1684805147598326108,317,316.5,316,315.5,315,318,318.5,319,319.5,320
1684805147629291894,317,316.5,316,315.5,315,318,318.5,319,319.5,320
1684805147659706826,317,316.5,316,315.5,315,318,318.5,319,319.5,320
1684805147870568898,317,316.5,316,315.5,315,318,318.5,319,319.5,320
1684805148881360760,317,316.5,316,315.5,315,318,318.5,319,319.5,320
1684805148912056309,317,316.5,316,315.5,315,318,318.5,319,319.5,320
1684805150288155644,317,316.5,316,315.5,315,318,318.5,319,319.5,320
1684805150319035970,317,316.5,316,315.5,315,318,318.5,319,319.5,320
1684805159591426691,317.5,317,316.5,316,315.5,318,318.5,319,319.5,320
1684805159612032581,317.5,317,316.5,316,315.5,318,318.5,319,319.5,320
1684805160450627680,317.5,317,316.5,316,315.5,318,318.5,319,319.5,320
1684805163460177934,317.5,317,316.5,316,315.5,318,318.5,319,319.5,320
1684805165285475689,317.5,317,316.5,316,315.5,318,318.5,319,319.5,320
1684805167529747637,317.5,317,316.5,316,315.5,318,318.5,319,319.5,320
1684805170923928420,317.5,317,316.5,316,315.5,318,318.5,319,319.5,320
1684805172050030605,317.5,317,316.5,316,315.5,318,318.5,319,319.5,320
1684805175285432582,317.5,317,316.5,316,315.5,318,318.5,319,319.5,320
1684805177900746763,317.5,317,316.5,316,315.5,318,318.5,319,319.5,320
1684805180705347027,317.5,317,316.5,316,315.5,318,318.5,319,319.5,320
1684805184564046371,317.5,317,316.5,316,315.5,318,318.5,319,319.5,320
1684805185707907874,317.5,317,316.5,316,315.5,318,318.5,319,319.5,320
1684805191655359435,317.5,317,316.5,316,315.5,318,318.5,319,319.5,320
1684805195662112949,317.5,317,316.5,316,315.5,318,318.5,319,319.5,320
1684805198942272540,317.5,317,316.5,316,315.5,318,318.5,319,319.5,320
1684805215495254625,317.5,317,316.5,316,315.5,318,318.5,319,319.5,320
1684805228421534062,317.5,317,316.5,316,315.5,318,318.5,319,319.5,320
1684805233086765647,317.5,317,316.5,316,315.5,318,318.5,319,319.5,320
1684805236384077149,317.5,317,316.5,316,315.5,318,318.5,319,319.5,320
1684805237677623085,317.5,317,316.5,316,315.5,318,318.5,319,319.5,320
1684805257443897156,317,316.5,316,315.5,315,318,318.5,319,319.5,320
1684805258420732088,317.5,317,316.5,316,315.5,318,318.5,319,319.5,320
1684805259558461851,317.5,317,316.5,316,315.5,318,318.5,319,319.5,320
1684805272571559652,317.5,317,316.5,316,315.5,318,318.5,319,319.5,320
1684805274113763716,317.5,317,316.5,316,315.5,318,318.5,319,319.5,320
1684805276962801546,317.5,317,316.5,316,315.5,318,318.5,319,319.5,320
1684805277193016489,317.5,317,316.5,316,315.5,318,318.5,319,319.5,320
1684805291873109111,317.5,317,316.5,316,315.5,318,318.5,319,319.5,320
1684805303026524400,317.5,317,316.5,316,315.5,318,318.5,319,319.5,320
1684805306272683688,317.5,317,316.5,316,315.5,318,318.5,319,319.5,320
1684805308747822089,317.5,317,316.5,316,315.5,318,318.5,319,319.5,320
1684805309535350314,317.5,317,316.5,316,315.5,318,318.5,319,319.5,320
1684805309825334512,317.5,317,316.5,316,315.5,318,318.5,319,319.5,320
1684805309855829636,317,316.5,316,315.5,315,318,318.5,319,319.5,320
1684805309886648367,317,316.5,316,315.5,315,318,318.5,319,319.5,320
1684805309896697681,317,316.5,316,315.5,315,318,318.5,319,319.5,320
1684805313095844312,317,316.5,316,315.5,315,318,318.5,319,319.5,320
1684805314099355606,317,316.5,316,315.5,315,318,318.5,319,319.5,320
1684805315925168890,317,316.5,316,315.5,315,318,318.5,319,319.5,320
1684805315965947356,317,316.5,316,315.5,315,318,318.5,319,319.5,320
1684805318433814220,317,316.5,316,315.5,315,318,318.5,319,319.5,320
1684805328224586248,317,316.5,316,315.5,315,317.5,318,318.5,319,319.5
1684805328254768644,317,316.5,316,315.5,315,317.5,318,318.5,319,319.5
1684805328898351656,317,316.5,316,315.5,315,317.5,318,318.5,319,319.5
1684805329454330864,317,316.5,316,315.5,315,317.5,318,318.5,319,319.5
1684805338114366848,317,316.5,316,315.5,315,317.5,318,318.5,319,319.5
1684805348955541356,317,316.5,316,315.5,315,317.5,318,318.5,319,319.5
1684805352341115901,317,316.5,316,315.5,315,317.5,318,318.5,319,319.5
1684805352373694907,317,316.5,316,315.5,315,317.5,318,318.5,319,319.5
1684805356060165698,317,316.5,316,315.5,315,317.5,318,318.5,319,319.5
1684805359586850399,317,316.5,316,315.5,315,317.5,318,318.5,319,319.5
1684805361116709205,317,316.5,316,315.5,315,317.5,318,318.5,319,319.5
1684805368551131783,317,316.5,316,315.5,315,317.5,318,318.5,319,319.5
1684805389361999189,317,316.5,316,315.5,315,317.5,318,318.5,319,319.5
1684805410114674377,317,316.5,316,315.5,315,317.5,318,318.5,319,319.5
1684805427732792392,317,316.5,316,315.5,315,317.5,318,318.5,319,319.5
1684805432724216210,317,316.5,316,315.5,315,317.5,318,318.5,319,319.5
1684805433058710694,317,316.5,316,315.5,315,317.5,318,318.5,319,319.5
1684805456204352632,317,316.5,316,315.5,315,317.5,318,318.5,319,319.5
1684805464527514102,317,316.5,316,315.5,315,317.5,318,318.5,319,319.5
1684805470997251115,317,316.5,316,315.5,315,317.5,318,318.5,319,319.5
1684805472816943740,317,316.5,316,315.5,315,317.5,318,318.5,319,319.5
1684805472950985657,316.5,316,315.5,315,314.5,317.5,318,318.5,319,319.5
1684805472984132699,316.5,316,315.5,315,314.5,317.5,318,318.5,319,319.5
1684805472984202490,316.5,316,315.5,315,314.5,317.5,318,318.5,319,319.5
1684805472996085155,316.5,316,315.5,315,314.5,317.5,318,318.5,319,319.5
1684805472996085155,316.5,316,315.5,315,314.5,317.5,318,318.5,319,319.5
1684805473410852506,316.5,316,315.5,315,314.5,317.5,318,318.5,319,319.5
1684805473716040580,316.5,316,315.5,315,314.5,317.5,318,318.5,319,319.5
1684805474299987305,316.5,316,315.5,315,314.5,317.5,318,318.5,319,319.5
1684805481814831628,316.5,316,315.5,315,314.5,317.5,318,318.5,319,319.5
1684805481837546607,316.5,316,315.5,315,314.5,317.5,318,318.5,319,319.5
1684805486798864130,316.5,316,315.5,315,314.5,317.5,318,318.5,319,319.5
1684805489243347956,316.5,316,315.5,315,314.5,317.5,318,318.5,319,319.5
1684805489453005836,316,315.5,315,314.5,314,317.5,318,318.5,319,319.5
1684805489483724609,316,315.5,315,314.5,314,317.5,318,318.5,319,319.5
1684805489483724609,316,315.5,315,314.5,314,317.5,318,318.5,319,319.5
1684805489483724609,316,315.5,315,314.5,314,317,317.5,318,318.5,319
1684805489493947810,316,315.5,315,314.5,314,317,317.5,318,318.5,319
1684805489514397768,316,315.5,315,314.5,314,317,317.5,318,318.5,319
1684805489514397768,316,315.5,315,314.5,314,317,317.5,318,318.5,319
1684805489524659851,316,315.5,315,314.5,314,317,317.5,318,318.5,319
1684805490145312150,316,315.5,315,314.5,314,317,317.5,318,318.5,319
1684805492576195386,316,315.5,315,314.5,314,317,317.5,318,318.5,319
1684805492611557987,316,315.5,315,314.5,314,317,317.5,318,318.5,319
1684805502448737433,316,315.5,315,314.5,314,317,317.5,318,318.5,319
1684805507126721295,316,315.5,315,314.5,314,317,317.5,318,318.5,319
1684805507159287016,316,315.5,315,314.5,314,317.5,318,318.5,319,319.5
1684805507179838865,316,315.5,315,314.5,314,317.5,318,318.5,319,319.5
1684805507202148433,316,315.5,315,314.5,314,317.5,318,318.5,319,319.5
1684805510018989056,316,315.5,315,314.5,314,317.5,318,318.5,319,319.5
1684805513706697212,316,315.5,315,314.5,314,317.5,318,318.5,319,319.5
1684805532515807530,316,315.5,315,314.5,314,317.5,318,318.5,319,319.5
1684805545809347479,316,315.5,315,314.5,314,317.5,318,318.5,319,319.5
1684805553659438900,316,315.5,315,314.5,314,317.5,318,318.5,319,319.5
1684805578350798112,316,315.5,315,314.5,314,317.5,318,318.5,319,319.5
1684805602175860567,316,315.5,315,314.5,314,317.5,318,318.5,319,319.5
1684805602250837080,316,315.5,315,314.5,314,317.5,318,318.5,319,319.5
1684805607658093556,316,315.5,315,314.5,314,317.5,318,318.5,319,319.5
1684805612277060605,316,315.5,315,314.5,314,317.5,318,318.5,319,319.5
1684805612307626612,316,315.5,315,314.5,314,317.5,318,318.5,319,319.5
1684805612307626612,316,315.5,315,314.5,314,317.5,318,318.5,319,319.5
1684805614657725264,316,315.5,315,314.5,314,317.5,318,318.5,319,319.5
1684805615785265683,316,315.5,315,314.5,314,317.5,318,318.5,319,319.5
1684805623013605601,316,315.5,315,314.5,314,317.5,318,318.5,319,319.5
1684805629241733199,316.5,316,315.5,315,314.5,317.5,318,318.5,319,319.5
1684805629272395978,316.5,316,315.5,315,314.5,317.5,318,318.5,319,319.5
1684805629272395978,316.5,316,315.5,315,314.5,317.5,318,318.5,319,319.5
1684805629272395978,316.5,316,315.5,315,314.5,317.5,318,318.5,319,319.5
1684805629595439394,316.5,316,315.5,315,314.5,317.5,318,318.5,319,319.5
1684805629929097777,316.5,316,315.5,315,314.5,317.5,318,318.5,319,319.5
1684805657744973218,316.5,316,315.5,315,314.5,317.5,318,318.5,319,319.5
1684805660138232310,316.5,316,315.5,315,314.5,317.5,318,318.5,319,319.5
1684805660638843762,316.5,316,315.5,315,314.5,317.5,318,318.5,319,319.5
1684805666548530146,316.5,316,315.5,315,314.5,317.5,318,318.5,319,319.5
1684805671319211246,317,316.5,316,315.5,315,317.5,318,318.5,319,319.5
1684805676383028566,317,316.5,316,315.5,315,317.5,318,318.5,319,319.5
1684805677869790372,317,316.5,316,315.5,315,317.5,318,318.5,319,319.5
1684805680207550408,316.5,316,315.5,315,314.5,317.5,318,318.5,319,319.5
1684805681939699759,316.5,316,315.5,315,314.5,317.5,318,318.5,319,319.5
1684805683099549375,317,316.5,316,315.5,315,317.5,318,318.5,319,319.5
1684805685047252288,317,316.5,316,315.5,315,317.5,318,318.5,319,319.5
1684805686972417655,317,316.5,316,315.5,315,317.5,318,318.5,319,319.5
1684805701930289384,317,316.5,316,315.5,315,317.5,318,318.5,319,319.5
1684805702289467463,317,316.5,316,315.5,315,317.5,318,318.5,319,319.5
1684805706537656011,317,316.5,316,315.5,315,317.5,318,318.5,319,319.5
1684805710318690161,317,316.5,316,315.5,315,317.5,318,318.5,319,319.5
1684805723251999967,316.5,316,315.5,315,314.5,317.5,318,318.5,319,319.5
1684805729192394813,317,316.5,316,315.5,315,317.5,318,318.5,319,319.5
1684805730692041895,317,316.5,316,315.5,315,317.5,318,318.5,319,319.5
1684805740546416840,317,316.5,316,315.5,315,317.5,318,318.5,319,319.5
1684805743545968521,316.5,316,315.5,315,314.5,317.5,318,318.5,319,319.5
1684805743576620029,316.5,316,315.5,315,314.5,317.5,318,318.5,319,319.5
1684805747661605434,0,0,0,0,0,0,0,0,0,0
1684805747661605434,316,315.5,315,314.5,314,317.5,318,318.5,319,319.5
1684805747692034354,316,315.5,315,314.5,314,317.5,318,318.5,319,319.5
1684805747692034354,316,315.5,315,314.5,314,317.5,318,318.5,319,319.5
1684805747706194856,316,315.5,315,314.5,314,317.5,318,318.5,319,319.5
1684805747714965290,316,315.5,315,314.5,314,317.5,318,318.5,319,319.5
1684805748040164186,316,315.5,315,314.5,314,317.5,318,318.5,319,319.5
1684805749846868161,315.5,315,314.5,314,313.5,316,317.5,318,318.5,319
1684805749879427561,315.5,315,314.5,314,313.5,316,317.5,318,318.5,319
1684805749879474729,315.5,315,314.5,314,313.5,316,317.5,318,318.5,319
1684805749891768357,315.5,315,314.5,314,313.5,316,317.5,318,318.5,319
1684805749912186936,315.5,315,314.5,314,313.5,316,317.5,318,318.5,319
1684805749945073260,315.5,315,314.5,314,313.5,316,317.5,318,318.5,319
1684805749957217507,315.5,315,314.5,314,313.5,316,317.5,318,318.5,319
1684805751414227264,315.5,315,314.5,314,313.5,316,317.5,318,318.5,319
1684805757835073229,315.5,315,314.5,314,313.5,316,317.5,318,318.5,319
1684805758302717241,315.5,315,314.5,314,313.5,316,317.5,318,318.5,319
1684805763010610521,315.5,315,314.5,314,313.5,316,317.5,318,318.5,319
1684805766670648260,315,314.5,314,313.5,313,316,317.5,318,318.5,319
1684805766704039812,315,314.5,314,313.5,313,316,317.5,318,318.5,319
1684805766704039812,315,314.5,314,313.5,313,316,317.5,318,318.5,319
1684805766704039812,315,314.5,314,313.5,313,316,317.5,318,318.5,319
1684805766716128074,315,314.5,314,313.5,313,316,317.5,318,318.5,319
1684805766736651730,315,314.5,314,313.5,313,316,317.5,318,318.5,319
1684805768666047414,315,314.5,314,313.5,313,316,317.5,318,318.5,319
1684805768717981253,315.5,315,314.5,314,313.5,316,317.5,318,318.5,319
1684805768752715836,315.5,315,314.5,314,313.5,316,317.5,318,318.5,319
1684805768786765293,315.5,315,314.5,314,313.5,316,317.5,318,318.5,319
1684805771169708878,315.5,315,314.5,314,313.5,316,317.5,318,318.5,319
1684805775136539645,315.5,315,314.5,314,313.5,316,317.5,318,318.5,319
1684805775157274438,315.5,315,314.5,314,313.5,316,317.5,318,318.5,319
1684805777417078790,315.5,315,314.5,314,313.5,316,317.5,318,318.5,319
1684805780484805399,315.5,315,314.5,314,313.5,316,317.5,318,318.5,319
1684805782474580868,315.5,315,314.5,314,313.5,316,317.5,318,318.5,319
1684805782517672018,315.5,315,314.5,314,313.5,316,317.5,318,318.5,319
1684805793315049191,315.5,315,314.5,314,313.5,316,317.5,318,318.5,319
1684805793325774274,315.5,315,314.5,314,313.5,317.5,318,318.5,319,319.5
1684805793358033089,315.5,315,314.5,314,313.5,317.5,318,318.5,319,319.5
1684805793370322519,315.5,315,314.5,314,313.5,317,317.5,318,318.5,319
1684805793391639164,315.5,315,314.5,314,313.5,317,317.5,318,318.5,319
1684805793404035775,315.5,315,314.5,314,313.5,317,317.5,318,318.5,319
1684805793404035775,315.5,315,314.5,314,313.5,317,317.5,318,318.5,319
1684805793424374645,315.5,315,314.5,314,313.5,317,317.5,318,318.5,319
1684805793424399501,315.5,315,314.5,314,313.5,317,317.5,318,318.5,319
1684805793434765721,315.5,315,314.5,314,313.5,317,317.5,318,318.5,319
1684805793446897133,315.5,315,314.5,314,313.5,317,317.5,318,318.5,319
1684805797059668185,315.5,315,314.5,314,313.5,317,317.5,318,318.5,319
1684805797080148530,315.5,315,314.5,314,313.5,317,317.5,318,318.5,319
1684805797080204966,315.5,315,314.5,314,313.5,317,317.5,318,318.5,319
1684805799774200439,315.5,315,314.5,314,313.5,317,317.5,318,318.5,319
1684805799867523333,315.5,315,314.5,314,313.5,317,317.5,318,318.5,319
1684805802705009445,315.5,315,314.5,314,313.5,317,317.5,318,318.5,319
1684805805088808694,315.5,315,314.5,314,313.5,317,317.5,318,318.5,319
1684805807433811055,315.5,315,314.5,314,313.5,317,317.5,318,318.5,319
1684805809276147018,315.5,315,314.5,314,313.5,317,317.5,318,318.5,319
1684805810492559318,316,315.5,315,314.5,314,317,317.5,318,318.5,319
1684805810523287711,316,315.5,315,314.5,314,317,317.5,318,318.5,319
1684805819268444355,316,315.5,315,314.5,314,317,317.5,318,318.5,319
1684805821856251509,316,315.5,315,314.5,314,317,317.5,318,318.5,319
1684805843522067896,316,315.5,315,314.5,314,317,317.5,318,318.5,319
1684805843544538177,316,315.5,315,314.5,314,317,317.5,318,318.5,319
1684805845926359522,316,315.5,315,314.5,314,317,317.5,318,318.5,319
1684805846070108997,316,315.5,315,314.5,314,317,317.5,318,318.5,319
1684805849793997756,316,315.5,315,314.5,314,317,317.5,318,318.5,319
1684805856568200621,316,315.5,315,314.5,314,317,317.5,318,318.5,319
1684805856598699654,316,315.5,315,314.5,314,317,317.5,318,318.5,319
1684805856633469023,316,315.5,315,314.5,314,317,317.5,318,318.5,319
1684805856676610477,316,315.5,315,314.5,314,317,317.5,318,318.5,319
1684805859829360775,316,315.5,315,314.5,314,317,317.5,318,318.5,319
1684805884833715637,316,315.5,315,314.5,314,317,317.5,318,318.5,319
1684805885376647394,316,315.5,315,314.5,314,317,317.5,318,318.5,319
1684805889054923123,316,315.5,315,314.5,314,317,317.5,318,318.5,319
1684805890378046229,316,315.5,315,314.5,314,317,317.5,318,318.5,319
1684805890401388517,316,315.5,315,314.5,314,317,317.5,318,318.5,319
1684805890413511765,315.5,315,314.5,314,313.5,317,317.5,318,318.5,319
1684805890414022373,315.5,315,314.5,314,313.5,317,317.5,318,318.5,319
1684805890436144951,315.5,315,314.5,314,313.5,317,317.5,318,318.5,319
1684805890470089382,315.5,315,314.5,314,313.5,317,317.5,318,318.5,319
1684805896049781877,315.5,315,314.5,314,313.5,316.5,317,317.5,318,318.5
1684805896081032912,315.5,315,314.5,314,313.5,316.5,317,317.5,318,318.5
1684805896081300214,315.5,315,314.5,314,313.5,316.5,317,317.5,318,318.5
1684805896081300214,315.5,315,314.5,314,313.5,316.5,317,317.5,318,318.5
1684805896081300214,315.5,315,314.5,314,313.5,316.5,317,317.5,318,318.5
